3134 4859
497 335 605 389 LIBER
623 335 683 389 VII.
704 334 780 389 onP.
801 335 919 390 76-77.
1176 318 1240 382 209

171 500 228 581 qui
252 498 395 562 dolorem
416 499 573 581 patienter
594 499 704 561 ferant.
746 503 843 580 atque
866 516 925 581 ego
948 498 1030 560 hanc
1052 498 1269 564 sententiame

171 606 352 690 probarem,
377 642 418 652 -—
442 610 567 668 tantum
586 606 671 689 apud
689 623 741 667 me
759 606 898 688 dignitas
916 609 1031 687 potest,
1057 642 1098 651 -
1122 605 1149 667 si
1169 605 1242 667 nul-

173 714 236 777 lam
259 718 482 796 praeterquam
498 713 582 776 vitae
604 716 732 775 nostrae
747 714 901 775 iacturam
919 709 990 774 fieri
1004 711 1160 791 viderem3
1186 712 1269 780 seda

127 844 159 887 ao
172 822 208 883 in
236 820 371 883 consilio
398 819 552 903 capiendo
580 838 708 882 omnem
732 818 870 881 Galliam
898 819 1117 901 respiciamus,
1146 837 1242 899 quam

173 928 214 991 ad
229 932 374 991 nostrum
390 926 547 990 auxilium
563 926 801 990 concitavimus.
836 924 914 1009 quid
929 925 1095 988 hominum
1112 925 1242 989 milibus
1256 951 1269 993 e

173 1032 305 1097 LXXX
330 1052 395 1097 uno
422 1033 494 1096 loco
521 1032 694 1097 interfectis
715 1033 904 1116 propinquis
932 1034 1242 1116 consanguineisque

174 1142 291 1204 nostris
314 1141 415 1203 animi
436 1141 503 1203 fore
527 1140 727 1221 existimatis
751 1141 780 1203 si
802 1157 901 1222 paene
925 1141 959 1201 in
981 1140 1059 1222 ipsis
1083 1140 1243 1203 cadaveri-

174 1246 235 1311 bus
256 1247 378 1330 proelio
402 1246 563 1311 decertare
585 1247 759 1330 cogentur?
789 1246 887 1310 nolite
911 1247 969 1310 bos
992 1250 1098 1310 vestro
1122 1246 1270 1313 auxilioa

131 1377 160 1420 aa
174 1355 351 1438 expoliare,
379 1354 436 1437 qui
458 1358 582 1417 vestrae
607 1353 719 1417 salutis
742 1372 838 1417 causa
865 1372 962 1417 suum
988 1354 1166 1438 periculum
1188 1372 1244 1418 ne-

174 1462 357 1545 glexerrmt,
388 1480 450 1524 nec
481 1460 618 1524 stultitia
650 1479 687 1523 ac
718 1462 894 1524 temeritate
921 1466 1027 1525 vestra
1059 1466 1114 1524 aut
1146 1463 1244 1525 animi

176 1567 394 1632 imbecillitate
417 1586 546 1653 omnem
562 1566 699 1631 Galliam
721 1572 921 1651 prosternere
945 1572 977 1631 et
993 1572 1164 1651 perpetuae
1180 1588 1245 1633 ser-

176 1676 271 1738 vituti
291 1674 444 1739 subicere.
485 1694 526 1737 an
550 1674 636 1757 quod
653 1675 694 1737 ad
709 1674 795 1738 diem
810 1694 878 1737 non
894 1679 1062 1756 venerunt,
1079 1675 1117 1738 de
1133 1694 1243 1739 eorum
1259 1700 1285 1742 ro

175 1781 239 1846 fide
258 1783 501 1865 constantiaque
521 1781 693 1845 dubitatis?
727 1780 807 1862 quid
823 1782 919 1865 ergo?
952 1780 1112 1845 Romanos
1131 1782 1246 1866 inillis

133 1911 163 1953 eo
177 1888 384 1953 ulterioribus
411 1888 646 1952 munitionibus
673 1888 816 1952 animine
844 1896 939 1951 caus‘a
962 1888 1078 1952 cotidie
1102 1890 1246 1953 exerceri

177 1996 316 2080 putatis?
355 1998 388 2060 si
409 1996 540 2059 illorum
561 1996 687 2059 nuntiis
710 1994 890 2059 confirmari
913 2014 980 2058 non
1003 1996 1134 2078 potestis
1158 1996 1246 2059 omni
1260 2021 1285 2062 11

178 2103 268 2167 aditu
283 2108 480 2187 praesaepto‚
501 2103 550 2166 bis
565 2103 695 2166 utimini
710 2102 845 2165 testibus
861 2102 1118 2185 adpropinquare
1134 2121 1246 2166 eorum

177 2212 365 2290 adventum3
394 2210 488 2273 cuius
509 2210 559 2274 rei
580 2211 694 2273 timore
718 2209 864 2274 exterriti
892 2210 977 2273 diem
999 2214 1189 2291 noctemque
1212 2210 1247 2273 in

179 2337 273 2401 opere
289 2323 464 2382 versantur.
502 2317 581 2400 quid
604 2336 680 2400 ergo
703 2316 769 2381 mei
790 2316 917 2381 consilii
938 2317 1006 2380 est?
1041 2317 1288 2399 facerequod12

135 2426 279 2489 ernostri
305 2426 440 2488 maiores
466 2443 672 2507 nequaquam
699 2425 768 2507 pari
796 2423 879 2487 bello
909 2422 1111 2487 Cimbrorum
1133 2425 1248 2488 Teuto-

178 2551 323 2615 numque
342 2532 499 2610 fecerunt3
525 2533 582 2614 qui
601 2533 637 2593 in
652 2530 769 2614 oppida
783 2531 940 2613 compulsi
964 2550 1000 2594 ao
1021 2532 1119 2595 simili
1138 2532 1249 2615 inopia

179 2639 304 2703 subacti
330 2656 441 2702 eorum
468 2638 668 2721 corporibus
697 2638 753 2722 qni
776 2642 878 2701 aetate
905 2637 946 2700 ad
969 2637 1090 2701 bellum
1117 2638 1249 2702 inutiles

179 2745 384 2828 videbantur,
412 2747 510 2809 vitam
538 2744 756 2809 toleraverunt
786 2763 891 2826 neque
919 2763 952 2807 se
979 2744 1124 2808 hostibus
1151 2745 1250 2808 tradi-

181 2853 305 2917 derunt
351 2853 443 2915 cuius
470 2854 518 2916 rei
544 2854 572 2915 si
599 2850 783 2933 exemplum
813 2869 880 2913 non
906 2849 1110 2933 baberemm,
1142 2856 1249 2915 tamen
1263 2875 1289 2917 13

137 2959 336 3023 elibertano
367 2975 464 3023 causa
491 2960 617 3023 institui
648 2963 680 3021 et
710 2958 845 3039 posteris
876 2957 969 3040 prodi
1000 2957 1248 3041 pulcherrimum

181 3066 366 3130 iudicarem.
412 3065 589 3149 namquid
616 3064 665 3127 illi
688 3064 794 3127 simile
821 3064 905 3127 bello
927 3064 1011 3127 fuit?
1059 3065 1291 3147 depopulatam

182 3172 287 3236 Galba
307 3172 428 3237 Cimbri
450 3190 631 3255 magnaque
654 3172 754 3234 inlata
776 3171 955 3234 calamitate
977 3170 1097 3235 finibus
1121 3172 1250 3254 quidem

181 3280 302 3343 nostris
324 3280 497 3362 aliquando
517 3284 723 3343 excesserunt
746 3284 842 3360 atque
862 3279 938 3344 alias
957 3284 1057 3343 terras
1080 3280 1249 3362 petierunt,

182 3388 265 3469 iura,
288 3386 389 3470 leges,
411 3406 516 3470 agros,
539 3386 718 3451 libertatem
741 3385 835 3449 nobis
858 3385 1067 3468 reliquerunt.
1114 3385 1251 3449 Romani
1265 3409 1291 3451 15

273 3634 473 3703 reprobarem.
497 3633 569 3687 Nam
590 3634 661 3701 apnd
679 3649 722 3686 me
744 3635 848 3687 tantum
866 3639 884 3700 β
918 3632 926 3701 ll
964 3632 996 3685 21
1017 3633 1081 3701 qnid
1098 3632 1126 3685 in
1145 3632 1253 3701 (hlomi-

183 3740 248 3777 num
267 3743 285 3776 α
317 3722 326 3791 ll
358 3724 393 3777 22
410 3723 518 3777 LXXX
538 3722 671 3790 sB¹M²a3
689 3721 827 3776 LXXXX
846 3741 864 3773 α
899 3722 907 3791 ΙΙ
944 3720 1013 3787 Quid
1031 3722 1185 3791 propinquis
1204 3740 1227 3773 π
1245 3721 1253 3793 ΙΙ

183 3812 220 3867 24
236 3814 286 3868 hos
305 3830 336 3880 α;
353 3813 433 3879 ὴοοβ
463 3815 472 3883 ΙΙ
504 3813 539 3867 25
557 3812 698 3882 spoliarep
730 3814 739 3881 [l
771 3812 817 3881 qui
837 3826 931 3879 c3eos
951 3811 1032 3880 quiss
1062 3810 1071 3879 11
1104 3811 1146 3866 26.
1160 3811 1193 3865 27
1213 3812 1253 3865 in-

183 3902 328 3956 becillitate
345 3902 462 3968 animifl
493 3901 502 3970 ΙΙ
534 3902 568 3956 28
586 3902 707 3956 subicere
726 3919 756 3968 a;
779 3901 942 3967 addiceret
982 3900 991 3969 ss
1032 3901 1067 3956 29
1085 3917 1207 3955 romanos
1225 3908 1253 3968 βς

183 4006 353 4045 romanorum
372 3991 475 4046 animos
494 4010 512 4042 a
543 3996 552 4060 [Ι
584 3992 620 4046 30
637 3990 752 4044 animine
769 3997 798 4058 β;
817 3990 874 4043 sine
894 4010 911 4042 α
943 3992 952 4061 {l
984 3991 1017 4045 31
1032 3991 1151 4059 sionafl
1181 3989 1189 4063 ll
1220 3991 1254 4045 32

185 4083 324 4150 praerepto
343 4098 366 4133 rr
396 4084 405 4149 ΙΙ
437 4080 470 4133 iia
488 4079 515 4132 A
549 4083 559 4147 ΙΙ
593 4080 626 4133 37
645 4078 754 4133 inutiles
771 4080 806 4133 ad
824 4079 961 4148 bellumss
991 4080 1000 4148 ll
1033 4079 1067 4134 38
1085 4079 1206 4134 hostibus
1225 4096 1255 4133 se

184 4175 202 4235 β
231 4168 240 4240 ll
270 4169 481 4225 39-410uius
499 4169 538 4222 rei
557 4209 759 4223 ............
779 4168 926 4223 iudicarem
944 4176 1033 4236 onan
1058 4174 1068 4238 ΙΙ
1093 4170 1129 4222 42
1148 4169 1255 4238 quidem

185 4266 275 4327 omfl
306 4259 316 4327 l
346 4259 381 4313 43
399 4259 587 4328 petinemntfl

231 4364 341 4408 amr.
356 4365 391 4409 aa.
406 4365 496 4409 namu.
1063 4366 1097 4419 14
