3134 4859
519 313 626 368 LIBER
643 313 677 365 V.
697 312 773 367 CAP.
795 312 916 367 23-27.
1189 299 1251 360 113

183 477 300 541 Caesar
327 497 384 560 pro
411 479 482 540 eius
509 478 626 540 virtute
654 480 749 559 atque
777 478 813 538 in
840 494 873 539 se
901 475 1137 563 benevolentia,
1166 476 1253 557 quod

181 587 218 648 in
243 585 393 648 omnibus
415 584 509 647 bellis
532 583 687 667 singulari
709 584 785 653 eius¹
803 601 899 665 opera
920 582 1024 645 fuerat
1038 602 1129 665 usus,
1154 584 1253 646 maio-

152 712 255 758 arum
278 691 385 754 locum
408 692 597 754 restituerat
645 690 773 752 tertium
797 689 861 751 iam
877 689 963 751 hunc
979 708 1101 752 annum
1115 708 1280 772 regnan-e

182 804 248 862 tem
271 798 395 860 inimici
417 796 522 880 palam
544 795 654 859 multis
678 814 719 858 ex
735 796 862 859 civitate
879 795 1062 858 auctoribus
1085 795 1252 861 interiece-

181 910 267 968 runt.
313 904 454 968 defertur
480 922 519 967 ea
543 922 595 966 res
623 901 662 964 ad
691 900 866 967 Caesarem.
917 901 971 965 ille
1004 903 1138 979 sordue,
1167 903 1280 982 quoda

182 1012 223 1074 ad
245 1012 354 1094 plures
377 1010 570 1094 pertinebat,
592 1027 634 1071 ne
657 1009 769 1072 civitas
795 1028 908 1072 eornm
931 1008 1071 1091 impulsu
1095 1008 1253 1091 deficeret,

181 1117 215 1182 L
240 1117 396 1181 Plancum
420 1136 495 1180 cum
517 1115 643 1198 legione
667 1134 709 1179 err
733 1114 843 1198 Belgio
867 1115 1013 1179 celeriter
1040 1116 1073 1177 in
1098 1112 1253 1179 Carnutes

142 1224 342 1308 roproficisci
363 1223 452 1287 iubet
474 1223 585 1304 ibique
608 1222 761 1304 hiemare,
787 1241 988 1305 quorumque
1017 1240 1112 1305 opera
1135 1241 1253 1305 cogno·

184 1332 267 1395 verit
288 1330 470 1412 Tasgetium
492 1329 708 1411 interiectum,
732 1330 790 1393 bos
806 1329 1051 1412 comprehensos
1067 1328 1106 1391 ad
1130 1348 1164 1392 se
1180 1329 1254 1392 mit-

183 1443 258 1501 tere.
297 1438 427 1500 interim
443 1437 482 1499 ab
499 1436 648 1500 omnibus
664 1435 788 1519 [legatis
805 1435 1116 1519 quaestoribusquel,
1136 1435 1280 1516 quibuse

183 1545 328 1627 legiones
351 1544 538 1625 tradiderat,
565 1544 682 1607 certior
701 1543 804 1606 iactus
828 1548 876 1606 est
902 1544 936 1605 in
959 1542 1093 1606 hiberna
1120 1562 1254 1625 perven-

183 1658 253 1715 tum
275 1652 447 1731 locumque
469 1650 612 1714 bibernis
635 1668 704 1714 esse
727 1651 896 1713 munitum.

158 1781 170 1822 1
275 1757 397 1822 Diebus
419 1758 546 1822 circiter
567 1757 641 1839 XV,
670 1757 787 1839 quibus
814 1758 850 1819 in
877 1756 1011 1819 hiberna
1039 1761 1170 1820 ventum
1197 1762 1253 1837 est,
1272 1772 1309 1828 26

183 1866 313 1928 initium
347 1865 507 1948 repentini
539 1864 696 1927 tumultus
725 1882 762 1926 ao
791 1862 976 1927 deiectionis
1005 1867 1110 1926 ortum
1137 1866 1186 1927 est
1213 1864 1252 1927 ab

184 1972 372 2053 Ambiorige
396 1976 427 2034 et
450 1969 635 2049 Catuvolcm
661 1972 815 2051 quicum
839 1968 982 2033 adfines
1009 1971 1100 2052 regni
1124 1972 1175 2033 eui
1198 1969 1281 2034 Sao

185 2079 262 2142 bino
287 2076 460 2159 Cottaeque
483 2082 608 2160 praesto
631 2076 767 2140 tuissent
781 2076 1041 2157 frumentumque
1064 2078 1099 2141 in
1119 2077 1253 2142 hiberna

153 2185 482 2267 scomportaviesent,
505 2183 717 2247 Indutiomari
738 2183 869 2247 Treveri
892 2185 1014 2246 nuntiis
1033 2186 1164 2267 impulsi
1179 2205 1254 2249 suos

185 2292 429 2355 concitaverunt
444 2290 614 2373 subitoque
626 2290 786 2372 oppressis
801 2290 1011 2373 lignatoribus
1026 2312 1142 2375 magna
1157 2312 1254 2356 manu

186 2400 227 2462 ad
259 2403 362 2461 castra
396 2398 610 2481 oppugnanda
645 2402 812 2460 venerunt.
864 2416 937 2460 cum
972 2398 1119 2463 celeriter
1154 2402 1282 2463 nostrie

186 2525 275 2568 arma
298 2506 456 2587 cepissent
477 2504 661 2585 vallumque
677 2504 896 2568 ascendissent
918 2510 1013 2587 atque
1030 2526 1094 2569 una
1110 2526 1152 2570 ex
1166 2514 1255 2590 parte

185 2612 340 2695 Hispanis
377 2611 540 2693 equitibus
577 2612 701 2675 emissis
738 2612 880 2693 equestri
916 2613 1036 2695 proelio
1075 2615 1255 2697 superiores

138 2740 171 2784 rc
184 2720 332 2801 fuissent,
356 2719 522 2802 desperata
548 2736 583 2781 re
605 2718 711 2781 hostes
734 2736 810 2781 suos
834 2718 872 2781 ab
897 2720 1133 2802 oppugnatione
1160 2721 1255 2784 redu-

185 2830 313 2890 xerunt.
360 2830 429 2888 tum
463 2844 521 2887 suo
555 2844 643 2887 more
675 2824 969 2906 conclamaverunt,
1002 2827 1050 2889 uti
1078 2826 1179 2908 aliqui
1213 2844 1282 2891 exc

185 2934 304 2995 nostris
327 2933 367 2995 ad
390 2932 597 3013 conloquium
620 2930 774 3015 prodiret:
799 2931 917 2996 habere
940 2951 1023 3014 sese,
1053 2952 1133 3014 quae
1158 2934 1197 2996 de
1220 2953 1254 2997 re

185 3040 348 3103 communi
372 3039 477 3103 dicere
500 3039 629 3121 vellent,
654 3038 771 3120 quibus
794 3038 889 3101 rebus
905 3040 1135 3102 controversias
1151 3041 1255 3103 minui

154 3164 278 3228 rposse
311 3151 482 3228 sperarent.
533 3144 671 3208 Mittitur
702 3146 742 3207 ad
770 3162 824 3207 eos
853 3145 1067 3226 conloquendi
1099 3166 1195 3209 causa
1223 3146 1254 3209 Ο.
1273 3155 1308 3210 27

277 3342 293 3394 ti
312 3340 411 3393 inimici
428 3346 456 3406 β;
476 3338 589 3393 inimicis
607 3339 660 3391 iam
681 3358 698 3389 a
721 3340 730 3406 ΙΙ
752 3337 840 3406 palam
853 3338 944 3393 multis
956 3345 985 3406 β;
1005 3339 1096 3393 miritis
1109 3340 1197 3409 palam
1211 3361 1228 3392 a
1247 3340 1254 3411 i

185 3428 338 3482 auctoribus
356 3435 386 3495 βς
405 3430 432 3481 et
450 3428 481 3479 iis
500 3428 652 3481 auctoribus
671 3444 732 3481 eum
753 3446 770 3478 a
803 3428 811 3496 ΙΙ
843 3427 979 3481 tilucium
999 3447 1029 3496 ας
1048 3436 1136 3496 onad
1162 3432 1170 3499 ll
1198 3446 1255 3483 car·-

187 3520 264 3571 notes
282 3537 303 3569 π
344 3518 353 3582 11
396 3518 436 3571 10.
458 3519 488 3570 11
509 3519 706 3586 cognouerat«
747 3518 756 3586 [ι
799 3517 831 3569 12
850 3516 943 3585 legatis
962 3518 1197 3587 quaestoribusque
1216 3519 1255 3585 X;

186 3606 237 3659 del.
257 3606 369 3673 Wba'tte3
388 3606 482 3675 legatis
496 3608 687 3674 quaestoreque
705 3604 795 3658 Oiocc.
823 3606 831 3669 tl
859 3607 892 3658 14
911 3605 1027 3659 hibernis
1046 3607 1095 3659 del.
1116 3606 1201 3660 Vielb

276 3696 322 3751 Μ.
342 3696 358 3749 3
377 3694 518 3749 catuunlco
538 3713 568 3762 ας
587 3693 769 3763 patuquncoe
801 3696 809 3763 tt
841 3694 1034 3748 strumentum
1052 3695 1114 3762 inp
1145 3696 1153 3764 tl
1186 3697 1256 3750 5111-

187 3785 333 3839 duciomari
348 3784 386 3854 gf
413 3784 422 3852 ΙΙ
453 3785 543 3837 treuiri
562 3803 590 3851 o;
609 3784 734 3853 trebirip
766 3785 775 3847 tl
808 3784 1055 3853 loppugnandass3
1075 3789 1256 3854 oppugnatum

186 3895 205 3927 a
238 3876 247 3943 ΙΙ
278 3873 368 3927 duna
386 3876 513 3942 exparte
532 3873 572 3940 X3
591 3873 737 3926 decumana
755 3874 831 3941 porta
844 3873 919 3925 Paul
950 3873 958 3941 ll
990 3874 1149 3941 ilmissisp
1181 3876 1189 3943 tt
1224 3876 1257 3929 10

183 3964 220 4018 ab
240 3963 431 4031 oppugnatione
451 3969 548 4029 suosp
579 3962 588 4030 lt
622 3952 652 4013 11
673 3976 722 4015 suo
740 3976 814 4015 more
833 3961 882 4013 del.
903 3962 1012 4015 RSclm.
1046 3962 1054 4029 ll
1087 3965 1150 4029 utd
1181 3968 1189 4029 tt
1224 3964 1256 4015 12

183 4068 256 4121 quae
277 4070 306 4118 α;
326 4053 396 4121 quod
414 4058 431 4118 β

276 4141 323 4196 27.
344 4143 358 4193 l
378 4141 551 4208 conloquendi
571 4156 652 4194 causa
670 4148 759 4207 confi
791 4142 800 4208 tt
838 4143 860 4193 1.
882 4140 898 4193 2
917 4140 992 4209 gaius
1011 4141 1158 4209 carpineius
1179 4160 1208 4209 ις
1234 4158 1256 4194 c.

183 4229 341 4299 arpininsd
453 4247 455 4251 ’

232 4336 343 4378 Caeserl.
359 4336 392 4379 ed.
408 4336 497 4379 blensel.
1079 4336 1096 4389 8
