3134 4859
308 306 354 367 90
713 317 819 371 BELLI
838 316 981 373 orantei

277 484 435 549 rancoris
468 482 656 565 expectavit.
707 482 836 544 interim
869 480 979 564 legatis
1007 480 1210 563 tribunisque
1242 480 1384 543 militum

308 591 493 652 convocatis
516 595 548 652 et
572 608 653 670 quae
676 608 718 652 ex
740 588 905 651 Voluseno
930 588 1130 670 cognovisset
1153 594 1183 651 et
1206 607 1286 671 quae
1311 588 1383 651 fieri

310 696 407 759 vellet
430 697 568 760 ostendit
590 696 792 778 monuitque,
819 700 856 757 ut
878 696 925 759 rei
948 695 1096 759 militaris
1119 696 1213 777 ratio,
1240 696 1383 757 maxime

310 808 347 867 ut
371 804 547 867 maritimae
570 822 621 866 res
643 802 853 886 postularent,
881 807 918 866 ut
941 822 1022 884 quae
1046 803 1183 867 celerem
1207 806 1304 885 atque
1331 804 1426 868 111-15

308 910 457 973 stabilem
479 914 603 973 motum
625 909 791 990 habereut,
815 910 855 972 ad
878 914 992 973 nutum
1017 915 1048 973 et
1071 910 1111 973 ad
1128 915 1253 993 tempus
1271 928 1383 973 omnes

277 1036 362 1082 eres
390 1016 430 1079 ab
457 1018 498 1079 iis
525 1018 832 1080 administrarentur.
884 1017 934 1081 his
963 1017 1102 1081 dimissis
1130 1022 1162 1079 et
1189 1021 1322 1079 ventum
1351 1021 1384 1079 et

309 1128 433 1187 aestum
453 1143 517 1186 uno
535 1127 675 1207 tempore
691 1128 804 1187 nactus
820 1124 997 1187 secundum
1022 1124 1095 1189 dato
1119 1124 1211 1207 signo
1228 1124 1383 1186 111111111-

309 1232 350 1293 tis
382 1232 506 1294 ancoris
535 1231 662 1294 circiter
688 1231 779 1293 milia
806 1250 958 1315 passuum
980 1231 1045 1294 VH
1077 1232 1115 1293 ab
1145 1249 1182 1293 eo
1210 1230 1280 1293 loco
1309 1250 1382 1313 pro-

248 1352 291 1407 24
310 1356 439 1421 gressus
462 1342 570 1420 aperto
594 1358 631 1401 ac
653 1338 748 1420 plano
764 1339 857 1401 litore
873 1356 972 1401 naves
988 1338 1160 1401 constituit.
1194 1338 1238 1400 At
1253 1336 1381 1399 barbari
1399 1362 1410 1401 1

309 1444 446 1507 consilio
470 1444 689 1507 Romanorum
712 1445 841 1527 cognito
864 1446 1039 1527 praemisso
1065 1445 1211 1527 equitatu
1239 1448 1270 1507 et
1298 1463 1383 1507 esse-

309 1551 423 1632 dariis,
447 1571 510 1633 quo
533 1551 723 1633 plerumque
746 1569 861 1634 genere
888 1552 923 1613 in
945 1551 1075 1634 proeliis
1103 1552 1151 1613 uti
1175 1557 1382 1634 consuerunt,

309 1658 446 1740 reliquis
470 1659 568 1741 copiis
591 1657 756 1721 subsecuti
784 1662 907 1721 nostros
935 1658 1071 1721 navibus
1100 1658 1208 1741 egredi
1234 1658 1382 1741 prohibe-

277 1765 394 1831 abant.
441 1771 509 1828 erat
533 1766 572 1828 ob
597 1766 654 1828 has
678 1785 789 1829 causas
814 1786 936 1828 summa
960 1764 1144 1847 difficultas,
1174 1765 1260 1848 quod
1283 1784 1411 1830 navess

309 1876 438 1957 propter
459 1874 713 1956 magnitudinem
736 1874 800 1937 nisi
823 1874 858 1935 in
882 1872 944 1935 alto
969 1873 1123 1936 constitui
1145 1892 1211 1935 non
1226 1878 1381 1956 poterant,

309 1981 466 2044 militibus
490 1986 596 2044 autem
620 1981 737 2062 ignotis
765 1980 856 2061 locis,
885 1980 1046 2063 impeditis
1074 1980 1235 2061 manibus,
1263 2000 1380 2063 magno

307 2092 343 2151 et
364 2089 455 2171 gravi
479 2106 574 2150 onere
598 2106 760 2150 armorum
783 2088 902 2169 pressis
925 2088 1023 2150 simul
1047 2092 1079 2150 et
1102 2088 1142 2151 de
1166 2086 1302 2150 navibus
1326 2088 1381 2152 de-

308 2194 482 2257 siliendum
510 2198 541 2257 et
564 2196 597 2256 in
625 2193 777 2257 fluctibus
806 2194 1046 2257 consistendum
1073 2199 1105 2257 et
1132 2214 1206 2258 cnm
1233 2194 1380 2258 hostibus

276 2324 296 2364 3
310 2306 379 2363 erat
406 2301 626 2383 pugnandum,
655 2320 729 2364 cum
755 2301 802 2363 illi
831 2305 887 2364 aut
914 2319 955 2364 ex
983 2302 1071 2365 arido
1104 2306 1160 2365 aut
1186 2301 1318 2384 paulum
1346 2304 1379 2364 in
1396 2322 1425 2363 10

308 2426 426 2489 aquam
454 2409 611 2490 progressi
640 2408 790 2471 omnibus
823 2408 974 2471 membris
1002 2408 1172 2491 expeditis,
1204 2409 1380 2472 notissimis

309 2514 389 2576 locis
405 2515 556 2577 audacter
571 2515 634 2578 tela
649 2515 808 2578 coicerent
828 2520 860 2579 et
875 2534 975 2597 equos
991 2515 1184 2579 insuefactos
1200 2516 1379 2579 incitarent.

278 2620 430 2702 aquibus
453 2620 549 2684 rebus
571 2623 673 2685 nostri
695 2624 856 2704 perterriti
879 2628 974 2705 atque
996 2623 1090 2685 huius
1107 2624 1236 2685 omnino
1253 2625 1380 2707 generis

308 2746 435 2811 pugnae
458 2729 598 2811 imperiti
620 2748 686 2792 non
714 2730 824 2792 eadem
852 2730 1013 2793 alacritate
1041 2748 1077 2793 ac
1105 2730 1224 2812 studia,
1253 2748 1316 2812 quo
1345 2732 1380 2793 in

248 2849 290 2903 25>
309 2834 511 2919 pedestribus
534 2837 582 2899 uti
604 2836 733 2919 proeliis
756 2840 960 2919 consuerant,
985 2836 1163 2901 utebantur.
1210 2836 1302 2912 Quod
1323 2838 1404 2901 ubir

308 2943 426 3007 Caesar
458 2944 696 3025 animadvertit,
729 2963 829 3007 naves
861 2945 986 3027 longas,
1025 2962 1161 3027 quarum
1193 2950 1225 3007 et
1257 2946 1378 3027 species

307 3057 377 3113 erat
404 3050 547 3113 barbaris
578 3052 763 3114 inusitatior
796 3056 827 3113 ct
854 3056 960 3115 motus
988 3051 1029 3113 ad
1061 3070 1156 3115 usum
1190 3052 1378 3135 expeditior,

307 3158 440 3239 paulum
468 3158 626 3221 removeri
654 3158 693 3221 ab
723 3159 877 3221 onerariis
905 3158 1040 3221 navibus
1069 3164 1101 3221 et
1127 3160 1222 3222 remis
1250 3158 1378 3222 incitari

307 3268 342 3326 et
363 3264 405 3325 ad
427 3264 510 3327 latus
534 3271 679 3347 apertum
702 3266 842 3327 hostium
866 3266 1017 3329 constitui
1045 3270 1140 3347 atque
1163 3266 1238 3329 inde
1260 3266 1404 3347 inedias

307 3371 445 3455 sagittis,
462 3374 628 3436 tormentis
644 3374 749 3435 hostes
765 3372 900 3455 propelli
916 3393 952 3435 ac
969 3373 1153 3436 submoveri
1167 3374 1272 3453 iussit,
1296 3392 1382 3454 quae

276 3496 359 3541 ares
386 3497 501 3561 magno
530 3480 603 3542 usui
631 3481 747 3543 nostris
774 3478 844 3541 fuit.
895 3498 969 3541 nam
997 3483 1028 3543 et
1055 3480 1187 3542 narium
1215 3478 1319 3563 figura
1347 3485 1378 3543 et

400 3709 433 3761 13
452 3708 603 3762 conuocatis
626 3711 653 3761 et
672 3727 700 3775 o;
724 3709 910 3776 conuocatisss
946 3709 955 3777 11
991 3710 1159 3777 cognouisset
1183 3708 1308 3777 SQ·B²p;
1333 3725 1376 3763 co·

305 3798 417 3864 gnosset
437 3817 454 3848 a
490 3799 500 3860 11
537 3798 571 3849 14
589 3797 665 3865 utifl
705 3796 714 3863 11
755 3798 958 3867 maximequert
998 3798 1007 3865 11
1050 3800 1082 3853 15
1102 3802 1133 3851 ut
1151 3814 1218 3867 quae
1236 3798 1328 3867 Lipa3
1347 3800 1378 3851 ut

305 3901 389 3953 quam
407 3885 438 3938 X
467 3887 476 3955 11
509 3888 541 3939 17
562 3886 594 3939 ab
612 3886 706 3940 his-ul
736 3888 745 3956 11
779 3887 812 3940 18
831 3886 1000 3941 1111111111Βι
1031 3888 1040 3956 11
1073 3888 1107 3943 20
1126 3890 1216 3957 aperto
1235 3905 1287 3941 om.
1308 3908 1326 3939 α

397 3974 923 4045 21.81111111111;1111111εεί111ἰεί.
950 3976 1041 4031 Modo.
1079 3978 1087 4046 11
1122 3978 1154 4030 de
1173 3984 1262 4044 111113
1298 3979 1306 4046 11
1344 3980 1375 4029 11

303 4064 466 4134 expeditirp
498 4066 506 4134 11
540 4066 581 4118 13.
602 4066 636 4117 14
654 4082 758 4135 pugnae
776 4066 916 4134 generisfi
948 4068 955 4136 11
990 4069 1021 4121 15
1041 4066 1227 4121 nitebanturlr

308 4184 312 4187 ·
396 4154 442 4208 21.
463 4155 480 4206 2
498 4154 617 4207 animum
635 4155 786 4221 aduertitft
826 4156 834 4223 11
872 4157 1074 4209 3111111111
1115 4158 1124 4224 11
1166 4155 1377 4210 181111111-

305 4259 368 4295 rum
388 4260 418 4310 u3
437 4258 570 4297 remorum
589 4251 607 4311 11
