3134 4859
301 309 365 373 230
700 324 806 379 BELLI
829 324 970 379 GALLICI

300 492 479 552 armaturae
501 487 637 571 pedites,
661 506 742 571 quos
765 494 839 551 ante
861 488 1003 571 legiones
1026 489 1139 552 missos
1164 488 1272 569 docui,
1301 495 1369 551 tur-

271 595 423 677 amisque
447 598 628 657 nostrorum
655 595 832 678 interpositi
860 599 1040 659 constanter
1066 594 1271 678 proeliantur.
1309 616 1370 679 pu-

298 707 414 784 gnatur
429 701 629 784 aliquamdiu
643 703 713 785 pari
728 703 946 781 contentioue3
972 702 1096 782 deinde,
1113 707 1149 765 ut
1163 704 1243 765 ratio
1260 707 1371 785 postu·
1386 730 1419 771 ro

299 807 383 871 labat
406 808 532 892 proelii,
556 809 612 891 qui
634 809 851 873 sustinuerant
874 808 993 891 primos
1012 810 1150 892 impetus
1169 808 1369 892 insidiarum,

298 915 359 977 hoo
385 915 455 998 ipso
482 913 567 977 fiunt
592 915 784 998 superiores,
813 915 899 997 quod
921 916 1049 979 nullum
1076 915 1115 978 ab
1142 915 1370 979 insidiantibus

270 1022 516 1105 aimprudentes
547 1028 735 1105 acceperant
766 1022 999 1087 detrimentum.
1049 1023 1204 1086 accedunt
1236 1024 1371 1105 propius

298 1128 428 1191 interim
451 1129 605 1211 legiones,
634 1128 801 1212 crebrique
830 1129 942 1192 eodem
969 1134 1109 1212 tempore
1138 1134 1169 1193 et
1195 1131 1371 1193 nostriset

298 1235 445 1299 hostibus
467 1236 574 1298 nuntii
597 1235 797 1315 adferuntur,
824 1238 1047 1319 imperatorem
1075 1237 1239 1299 instructis
1267 1236 1371 1320 copiis
1386 1263 1418 1304 15

271 1341 417 1406 sedasse.
456 1362 519 1424 qua
541 1362 577 1405 re
600 1343 729 1425 cognita
750 1342 909 1426 praesidio
930 1343 1110 1406 cohortium
1133 1342 1246 1407 confisi
1267 1344 1373 1407 nostri

298 1448 451 1511 acerrime
473 1449 683 1531 proeliantur,
705 1468 760 1531 ne,
783 1450 811 1513 si
835 1450 956 1513 tardius
975 1468 1043 1517 rem
1061 1451 1244 1533 gessissent,
1267 1451 1371 1513 victo-

297 1555 365 1618 riae
397 1554 531 1638 gloriam
564 1557 817 1621 communicasse
850 1576 924 1619 cum
957 1556 1138 1641 legionibus
1168 1556 1370 1635 viderentur3

270 1662 405 1725 chostes
432 1662 607 1726 concidunt
634 1664 749 1726 animis
776 1668 873 1747 atque
901 1664 1068 1727 itineribus
1097 1662 1231 1727 diversis
1258 1663 1371 1747 fugam

299 1774 463 1852 quaerunt.
499 1771 709 1853 nequiquam:
734 1789 810 1833 nam
830 1770 946 1852 quibus
965 1770 1205 1835 difficultatibus
1222 1771 1371 1835 locorum
1385 1796 1418 1839 ao

270 1876 457 1941 rRomanos
489 1877 636 1940 claudere
666 1877 848 1960 voluerant,
881 1879 920 1941 iis
952 1878 1013 1960 ipsi
1045 1876 1244 1941 tenebantur.
1291 1878 1370 1940 victi

297 1982 425 2047 tandem
450 1984 652 2068 perculsique
678 1986 799 2047 maiore
826 1991 915 2067 parte
942 1986 1058 2049 amissa
1081 1986 1274 2048 consternati
1297 2004 1370 2068 pro-

296 2089 426 2172 fugiunt
444 2092 560 2174 partim
576 2091 665 2154 silvis
680 2092 801 2174 petitis,
825 2093 938 2173 partim
958 2090 1106 2175 flumine,
1126 2128 1168 2136 -
1189 2093 1245 2174 qui
1261 2097 1368 2155 tamen

270 2197 332 2261 aiu
346 2197 424 2279 iuga
439 2217 458 2259 a
472 2200 590 2261 uostris
606 2200 721 2262 acriter
735 2198 981 2281 insequentibus
998 2198 1217 2289 coniiciuntur,
1230 2236 1273 2244 —
1292 2217 1367 2261 eum

298 2304 427 2367 interim
454 2304 544 2367 nulla
572 2305 749 2369 calamitate
773 2306 877 2369 victus
902 2304 1035 2369 Correus
1065 2305 1218 2369 excedere
1247 2305 1366 2388 proelio
1381 2328 1412 2369 25

298 2409 461 2492 silvasque
487 2422 594 2493 petere
626 2416 683 2475 aut
708 2412 920 2477 invitantibus
953 2414 1071 2476 nostrr's
1100 2413 1140 2475 ad
1172 2412 1366 2475 deditionem

297 2518 400 2599 potuit
431 2517 561 2600 adduci,
594 2520 673 2601 quin
704 2518 875 2583 fortissime
905 2519 1089 2603 proeliando
1123 2519 1367 2603 compluresque

298 2624 496 2687 vulnerando
524 2630 651 2708 cogeret
683 2626 781 2690 elatos
810 2626 976 2689 iracundia
1003 2628 1137 2691 victores
1169 2628 1204 2689 iu
1237 2646 1272 2691 se
1304 2626 1367 2689 tela

297 2732 428 2795 coicere.

241 2853 279 2909 20
385 2838 450 2901 Tali
479 2839 574 2902 modo
607 2858 642 2903 re
674 2845 762 2923 gesta
794 2841 975 2905 recentibus
1003 2842 1117 2923 proelii
1144 2842 1289 2925 vestigiis
1317 2842 1394 2903 in-1

296 2965 424 3027 gressus
452 2945 579 3028 Caesar,
611 2967 684 3010 cum
713 2948 814 3010 victos
842 2954 928 3011 tanta
961 2947 1137 3012 calamitate
1169 2948 1369 3011 existimaret

295 3053 400 3115 hostes
428 3054 541 3115 nuntio
570 3059 699 3136 accepto
731 3054 838 3117 locum
867 3059 1042 3118 castrorum
1070 3055 1250 3134 relicturos,
1284 3073 1367 3135 quae

295 3178 362 3221 non
384 3159 512 3241 longius
536 3160 575 3222 ab
599 3179 636 3223 ea
659 3160 756 3224 caede
779 3160 889 3225 abesse
912 3162 985 3245 plus
1008 3164 1115 3225 minus
1138 3161 1219 3225 VIII
1235 3161 1366 3225 milibus

297 3264 492 3349 dicebantur,
516 3270 641 3330 tametsi
663 3266 798 3330 ilumiue
821 3268 1010 3351 impeditum
1034 3269 1202 3333 transitum
1226 3268 1395 3351 videbata

269 3377 401 3436 atamen
434 3375 578 3437 exercitu
609 3374 753 3438 traducto
786 3375 994 3459 progreditur.
1041 3380 1073 3439 at
1100 3375 1264 3439 Bellovaci
1291 3374 1367 3438 reli-

297 3498 443 3562 quaeque
467 3482 610 3545 civitatos
638 3488 767 3565 repente
796 3502 837 3547 ex
864 3483 940 3565 fuga
968 3483 1078 3566 paucis
1105 3489 1201 3566 atque
1224 3482 1272 3545 his
1296 3483 1366 3546 vul-

296 3588 414 3650 neratis
436 3590 586 3671 receptis,
610 3591 666 3672 qui
688 3590 843 3651 silvarum
862 3589 1017 3653 beneficio
1034 3609 1143 3653 casum
1160 3591 1366 3673 evitaverant,

384 3799 516 3853 8missos
536 3818 565 3866 α;
584 3799 680 3853 missos
699 3806 794 3867 essefl
826 3800 835 3868 ΗΗ
867 3801 1064 3869 9mterpositis
1084 3821 1101 3852 α
1134 3802 1142 3865 ΗΗ
1176 3803 1207 3854 11
1227 3801 1366 3855 insidiato-

294 3904 354 3940 rum
372 3888 468 3941 Jurr'a.
500 3891 509 3953 ΗΗ
542 3891 576 3941 14
595 3890 777 3957 crebrisquess
809 3894 817 3957 ΗΗ
849 3891 985 3943 etnostris
999 3908 1029 3957 α;
1049 3891 1145 3943 nostris
1157 3898 1174 3957 β
1207 3891 1215 3958 ΗΗ
1249 3892 1281 3944 15
1295 3907 1366 3944 nuu-

295 3976 333 4029 tia
351 3978 541 4044 deterunturfl
576 3978 585 4046 Η
623 3979 655 4032 19
674 3979 764 4047 atque]
782 3979 810 4031 in
829 3980 891 4033 cdd.
917 3999 934 4030 c
975 3980 984 4049 ΗΗ
1025 3980 1057 4033 21
1082 3980 1115 4033 iis
1134 3979 1186 4049 (his
1207 3979 1239 4047 S)
1259 3998 1289 4046 α;
1309 3997 1365 4034 om.

295 4072 312 4132 β
343 4066 351 4133 ΗΗ
384 4066 418 4118 22
440 4068 547 4119 tandem
565 4066 668 4133 Oiacc.;
686 4070 776 4122 tamen
795 4068 826 4121 X
854 4069 863 4136 ΗΗ
896 4069 1054 4123 consternati
1076 4086 1106 4135 ας
1126 4085 1177 4137 quo
1199 4069 1253 4122 fors
1265 4068 1366 4123 tulerat

293 4156 454 4209 consternati
471 4162 488 4221 β
511 4157 519 4224 ΗΗ
543 4156 577 4209 24
596 4172 611 4209 a
629 4163 713 4224 emp
734 4159 743 4226 ΗΗ
766 4157 800 4211 25
820 4158 933 4211 corbeus
946 4177 963 4209 a
990 4158 998 4225 ΗΗ
1022 4158 1056 4212 28
1070 4158 1154 4212 elatos
1166 4164 1249 4225 craft

384 4246 430 4300 20.
450 4246 466 4296 4
485 4244 546 4313 plus
564 4245 653 4299 minus
671 4246 711 4313 X;
730 4262 859 4314 passuum
877 4247 955 4315 ΜΗ.
988 4248 997 4315 ΗΗ
1029 4247 1196 4301 Seuitaraut
1215 4265 1237 4299 π
