3134 4859
301 279 364 341 108
702 294 807 347 BELLI
826 294 967 349 GALLICI

300 458 518 539 dimicaretur,
550 456 747 521 intellectum
779 462 828 521 est
860 460 985 522 nostros
1018 464 1145 543 propter
1180 461 1372 542 gravitatem

300 584 475 644 armorum,
499 563 585 647 quod
608 583 715 647 neque
738 565 866 647 insequi
885 564 1033 629 cedentes
1052 571 1180 648 possent
1201 586 1307 649 neque
1332 565 1372 629 ab

300 672 400 754 signis
424 671 586 735 discedere
610 671 778 753 auderent,
800 674 908 735 minus
932 678 1021 756 aptos
1044 691 1114 736 esse
1138 672 1178 737 ad
1198 674 1295 737 huius
1319 694 1407 757 ges

272 780 386 842 aneris
408 779 544 860 hostem,
569 780 693 859 equites
716 783 823 842 autem
847 798 963 862 magno
987 798 1060 842 cum
1084 780 1226 862 periculo
1249 781 1373 863 proelio

300 884 465 967 dimicare,
492 889 660 968 propterea
693 885 780 968 qnod
808 885 856 947 illi
885 887 979 949 etiam
1008 887 1153 949 consulto
1181 888 1374 970 plerumque

300 992 450 1055 cederent
473 998 517 1073 et,
544 1011 618 1055 eum
641 992 772 1075 paulum
796 992 835 1055 ab
859 992 1039 1075 legionibus
1067 998 1191 1057 nostros
1219 996 1374 1057 removis-

301 1104 384 1178 sent,
408 1117 450 1161 ex
473 1098 592 1162 essedis
616 1100 781 1163 desilirent
804 1104 835 1163 ct
858 1098 992 1183 pedibus
1017 1100 1136 1183 dispari
1154 1101 1273 1184 proelio
1298 1121 1375 1165 eon-

272 1205 476 1269 atenderent.
524 1205 692 1289 [equestris
715 1212 821 1270 autem
838 1207 953 1290 proelii
975 1208 1056 1269 ratio
1081 1212 1111 1270 et
1130 1207 1318 1271 cedentibus
1342 1214 1375 1272 et
1390 1230 1424 1272 ro

273 1311 543 1393 ainsequentibus
566 1332 623 1396 pur
645 1319 741 1395 atque
765 1314 851 1377 idem
867 1314 1044 1396 perieulum
1065 1314 1240 1398 inferebat]
1284 1335 1375 1379 aece-

301 1418 396 1483 debat
418 1420 495 1500 hue,
519 1426 555 1483 ut
578 1439 756 1501 numquam
774 1419 922 1502 conferti,
945 1422 1002 1485 sed
1025 1423 1088 1483 rari
1112 1424 1301 1505 magnisque
1325 1424 1375 1485 in-

301 1526 442 1589 tervallis
465 1525 697 1609 proeliarentur
719 1528 937 1608 stationesque
962 1529 1129 1610 dispositas
1152 1529 1305 1593 haberent
1328 1536 1374 1592 at-

303 1652 364 1714 que
388 1633 468 1696 alios
495 1634 549 1695 alii
573 1634 721 1717 deinceps
750 1636 935 1717 exciperent
962 1638 1142 1720 integrique
1171 1642 1202 1699 et
1229 1644 1375 1700 recentes

248 1755 281 1808 17
302 1740 481 1823 defatigatis
497 1740 710 1805 succederent.
757 1741 889 1807 Postero
910 1743 961 1806 die
978 1744 1089 1825 procul
1105 1764 1123 1805 a
1139 1745 1250 1807 castris
1265 1744 1375 1807 hostes
1392 1766 1404 1805 1

301 1849 337 1909 iu
352 1846 489 1911 collibus
506 1849 718 1912 constiterunt
733 1850 861 1930 rarique
877 1869 910 1913 se
926 1850 1092 1913 ostendere
1112 1856 1143 1914 et
1158 1851 1261 1913 leuius
1278 1870 1376 1932 quam

274 1955 405 2038 apridie
433 1961 560 2018 nostros
589 1956 713 2034 equites
745 1956 865 2037 proelio
899 1956 1054 2019 lacessere
1087 1962 1266 2039 coeperunt.
1318 1958 1376 2021 sed

302 2063 446 2142 meridie,
475 2080 550 2123 oum
578 2059 692 2125 Caesar
715 2061 889 2144 pabulandi
913 2082 1010 2127 causa
1031 2063 1081 2125 ΙΙΙ
1105 2064 1248 2147 legiones
1277 2070 1376 2145 atque

303 2187 430 2232 omnem
459 2169 635 2248 equitatum
663 2188 738 2231 cum
767 2168 799 2231 O.
827 2168 985 2233 Trebonio
1013 2168 1116 2253 legato
1146 2172 1296 2252 misisset,
1324 2190 1409 2235 reo

302 2279 397 2356 pente
425 2293 467 2337 ex
490 2275 640 2338 omnibus
667 2275 811 2358 partibus
839 2276 879 2339 ad
906 2276 1108 2359 pabulatores
1136 2277 1377 2359 advolaverunt,

274 2382 350 2443 asic
382 2382 431 2443 uti
459 2380 498 2443 ab
528 2382 626 2464 signis
653 2382 899 2466 legionibusque
932 2402 995 2446 non
1027 2384 1222 2448 absisterent.
1274 2388 1376 2449 nostri

303 2488 419 2551 acriter
444 2489 480 2549 in
502 2505 556 2549 eos
578 2488 700 2571 impetn
727 2489 809 2553 facto
833 2490 1040 2574 reppulerunt
1067 2510 1173 2573 neque
1199 2490 1298 2554 finem
1326 2510 1375 2554 se·

304 2593 423 2676 queudi
445 2593 600 2676 fecerunt,
625 2596 730 2677 quoad
753 2596 896 2660 subsidio
921 2598 1033 2661 confisi
1052 2600 1189 2680 equiteS,
1214 2618 1287 2661 oum
1303 2604 1376 2681 post

275 2720 338 2765 ase
360 2700 505 2785 legiones
529 2702 686 2784 viderent,
710 2706 896 2787 praecipites
920 2705 1026 2768 hostes
1042 2712 1175 2788 egerunt
1193 2724 1374 2788 magnoque
1394 2726 1426 2769 ro

303 2829 414 2873 eornm
437 2828 571 2872 numero
593 2810 759 2873 interiecto
782 2830 888 2893 neque
910 2813 960 2874 sui
981 2812 1152 2895 colligendi
1173 2832 1278 2895 neque
1299 2832 1375 2875 con-

275 2937 288 2978 s
303 2916 436 2980 sistendi
459 2923 515 2980 ant
538 2936 579 2980 ex
595 2918 715 2981 essedis
735 2918 906 2981 desiliendi
923 2918 1106 2982 facultatem
1124 2919 1288 2983 dederuut.
1332 2938 1375 2982 ex

302 3024 362 3087 bac
384 3025 460 3107 fuga
483 3025 627 3107 protinus
651 3044 733 3106 quae
757 3024 901 3107 undique
924 3032 1141 3089 convenerant
1164 3026 1285 3087 auxilia
1308 3025 1375 3088 dis-

303 3137 480 3210 cesserunt,
504 3150 608 3211 neque
632 3137 703 3214 post
725 3131 758 3193 id
783 3137 908 3215 tempus
931 3153 1085 3216 umquam
1110 3134 1243 3196 summis
1266 3132 1375 3195 nobis-

249 3248 284 3301 18
304 3256 377 3300 cum
401 3239 500 3319 copiis
524 3238 629 3301 hostes
652 3238 892 3303 contenderunt.
940 3238 1054 3302 Caesar
1082 3240 1209 3322 cognito
1238 3240 1405 3302 consilior

304 3364 414 3408 eornm
443 3344 484 3406 ad
506 3343 628 3408 flumen
657 3346 814 3409 Tamesim
847 3348 882 3408 in
909 3346 989 3409 fines
1019 3345 1250 3410 Cassivellauni
1283 3366 1375 3409 exer-

304 3452 402 3513 citum
426 3451 533 3530 duxit3
559 3452 645 3534 quod
668 3451 790 3515 flumen
813 3472 878 3516 uno
904 3454 1033 3515 omnino
1058 3454 1127 3515 loeo
1151 3452 1297 3537 pedibus,
1327 3460 1375 3515 at-

392 3681 437 3735 16.
456 3681 474 3731 4
492 3683 677 3748 armaturaess
708 3681 717 3750 ΗΗ
748 3688 799 3748 ass
831 3684 838 3751 ΗΗ
871 3681 1004 3749 6proelio
1023 3689 1113 3749 orep
1145 3683 1153 3751 ΗΗ
1184 3682 1295 3750 Sabcq
1315 3698 1375 3755 up;

302 3786 355 3822 om.
379 3788 401 3821 π
442 3770 450 3837 ΗΗ
493 3772 534 3824 10.
556 3772 587 3823 ll
613 3770 744 3838 equestris
768 3810 952 3823 ...........
976 3770 1181 3825 inserebatom.
1205 3772 1293 3839 ed.1;
1321 3772 1374 3825 del.

306 3858 400 3911 Tittler
431 3860 440 3927 ΗΗ
474 3861 507 3911 14
525 3859 570 3913 alii
589 3866 677 3925 omri
708 3859 717 3926 ΗΗ
751 3861 783 3913 15
803 3859 951 3929 defetigatis
972 3860 1008 3913 ab

392 3948 626 4015 1v.21entiusp
665 3948 674 4016 Η
716 3948 984 4017 6pa1tibusomo
1026 3950 1034 4017 ΗΗ
1075 3950 1199 4018 bquoad
1221 3951 1268 4017 adq
1296 3950 1375 4018 Alam

302 4037 374 4105 quod
387 4036 450 4106 χρή
469 4053 522 4106 quo
541 4055 583 4107 φα
614 4038 622 4105 Η
656 4039 690 4093 10
708 4053 738 4091 se
757 4055 809 4091 om.
831 4051 848 4089 u
880 4040 889 4107 ΗΗ
922 4038 963 4093 10.
985 4040 1016 4091 ll
1037 4055 1133 4109 magno
1151 4056 1260 4094 numam
1279 4055 1374 4093 eornm

301 4132 319 4193 β
351 4127 359 4191 ΗΗ
392 4126 426 4179 12
445 4126 545 4179 essedis
564 4145 594 4194 a,
614 4128 725 4195 equist

392 4215 437 4270 18.
458 4215 474 4267 2
493 4216 616 4271 tamesim
635 4217 675 4284 αῖς
694 4216 836 4283 tamesinfi
867 4218 875 4283 ΗΗ
908 4217 1094 4273 cassivellauni
1106 4225 1136 4286 βς
1155 4217 1326 4273 easiuellauni
1341 4218 1381 4285 of
