3134 4859
488 304 597 361 LIBER
614 306 650 360 II.
670 304 745 361 OAP.
767 306 885 361 10-13.
1181 291 1225 352 45

111 494 140 536 rs
154 475 224 534 tum
240 476 319 553 erat,
343 471 554 535 consisterent
568 468 754 551 fortiterque
774 470 931 551 impetum
945 473 1128 531 nostrornm
1143 469 1227 531 mili-

154 583 225 641 tum
240 578 449 660 sustinerent,
463 578 599 659 priores,
621 576 707 658 quod
723 576 833 640 abesse
850 576 1026 659 epericulo
1041 574 1228 640 viderentur
1241 598 1254 640 s

155 703 262 767 neque
285 685 352 747 ulla
379 685 568 749 necessitate
596 701 703 764 neque
730 684 865 767 imperio
889 684 1145 765 continerentur,
1172 700 1228 745 ex-

156 791 265 855 audito
295 791 433 854 clamore
459 788 653 874 perturbetis
682 788 850 853 ordinibus
878 808 989 853 omnes
1011 790 1046 851 in
1068 788 1144 872 fuga
1166 788 1229 852 sibi

155 898 358 980 praesidium.
373 902 537 980 ponerent
576 898 621 959 ita
644 897 713 959 sine
728 894 795 959 ullo
811 896 953 979 periculo
976 900 1098 959 tantem
1118 914 1255 961 eorums

113 1004 397 1070 acmultitudinem
420 1004 521 1067 nostri
543 1002 784 1084 interfecerunt,
806 1008 963 1083 quantum
987 1002 1049 1066 fuit
1071 1002 1136 1066 diei
1158 1022 1229 1086 spa·

157 1112 252 1190 tium,
278 1110 337 1174 sub
361 1129 509 1174 occasum
532 1110 609 1174 solis
632 1111 723 1191 sequi
739 1110 931 1174 destiterunt
946 1129 1045 1192 seque
1067 1111 1103 1173 in
1118 1115 1228 1193 castra,

139 1224 195 1280 ut
217 1222 285 1280 erat
306 1219 508 1301 imperatum,
532 1220 728 1301 receperunt.

130 1348 144 1388 1
248 1322 405 1387 Postridie
421 1325 490 1387 eius
506 1323 570 1387 diei
583 1322 706 1407 Caesar,
723 1325 812 1408 prius
825 1342 922 1405 quam
937 1342 972 1387 se
987 1323 1095 1387 hostes
1110 1342 1152 1387 ex
1167 1328 1230 1387 ter·
1247 1336 1283 1392 12

158 1450 229 1495 rore
253 1450 291 1494 ac
312 1429 388 1514 fuga
410 1432 601 1513 reciperent,
624 1432 658 1493 in
674 1428 755 1495 fines
771 1430 994 1512 Suessionum,
1019 1432 1075 1512 qui
1090 1432 1230 1514 proximi

157 1536 268 1601 Remis
291 1544 393 1620 erent,
417 1539 596 1602 exercitum
620 1537 715 1601 duxit
737 1542 768 1601 et
791 1556 907 1621 magno
930 1539 1044 1601 itinere
1061 1535 1228 1622 [confecto]

158 1643 198 1707 ad
222 1644 376 1728 oppidum
399 1644 628 1709 Noviodunum
649 1645 821 1708 contendit.
867 1643 901 1707 id
926 1663 969 1708 ex
991 1645 1105 1708 itinere
1129 1664 1257 1728 oppu-2

130 1770 257 1833 ignare
273 1758 419 1835 conatus,
436 1750 522 1835 quod
537 1771 677 1814 vacuum
693 1751 732 1813 ab
749 1750 972 1815 defensoribus
987 1770 1056 1814 esse
1072 1750 1230 1833 audiebat,

158 1863 287 1941 propter
308 1857 512 1922 latitudinem
534 1858 638 1922 fossae
655 1859 804 1941 murique
825 1858 1028 1922 altitudinem
1050 1859 1160 1941 paucis
1176 1858 1230 1922 de—

158 1963 363 2028 fendentibus
386 1984 571 2047 expugnare
592 1984 656 2028 non
673 1966 784 2049 potuit.
831 1966 941 2028 castris
963 1966 1099 2028 munitis
1119 1966 1258 2029 vinease

159 2090 253 2154 agere
286 2090 433 2155 quaeque
467 2072 507 2134 ed
540 2070 792 2155 oppugnandum
824 2072 899 2134 usui
927 2076 1018 2142 erant
1045 2090 1231 2155 comparare

160 2179 273 2262 coepit.
319 2179 448 2243 iuterim
472 2180 576 2243 omnis
600 2197 643 2242 ex
668 2178 745 2263 fuga
767 2176 977 2242 Suessionum
999 2178 1174 2243 multitudo
1195 2180 1259 2243 int

120 2308 147 2349 10
161 2286 315 2369 oppidum
336 2286 486 2369 proxima
508 2292 601 2349 nocte
623 2287 782 2350 convenit.
829 2284 974 2349 celeriter
992 2288 1096 2351 vineis
1119 2286 1159 2350 ad
1176 2306 1258 2370 ops

160 2392 271 2475 pidum
296 2394 387 2475 actis,
416 2410 530 2477 aggere
558 2394 640 2457 iacto
664 2392 874 2475 turribusque
903 2393 1085 2457 constitutis
1108 2396 1231 2478 magni-

161 2498 273 2563 tudine
306 2518 453 2583 operum,
487 2518 570 2582 quae
601 2518 706 2582 neque
737 2499 885 2563 viderant
918 2506 991 2563 ante
1015 2499 1098 2563 Galli
1125 2520 1232 2583 neque

161 2606 342 2687 audierant,
375 2616 407 2671 et
438 2607 600 2671 celeritate
627 2606 847 2670 Romanorum
878 2608 1016 2690 permoti
1041 2607 1164 2691 legatos
1191 2608 1232 2671 ad

162 2712 327 2777 Caesarem
360 2713 399 2779 de
433 2714 594 2777 deditione
626 2715 759 2777 mittunt
791 2719 822 2777 et
849 2713 1031 2797 petentibus
1058 2714 1168 2778 Remis
1196 2720 1233 2779 ut

134 2826 427 2885 roonservarentur
448 2822 625 2905 impetrant.
672 2820 788 2885 Caesar
815 2820 981 2884 obsidibus
1009 2823 1145 2905 acceptis
1167 2822 1286 2904 pri-18

162 2928 222 2990 mis
246 2928 384 2991 civitatis
408 2933 504 3012 etque
526 2929 627 3011 ipsius
644 2927 762 2991 Galbae
778 2928 862 3010 regis
878 2927 1005 2990 dnobus
1024 2926 1101 2990 filiis
1121 2928 1233 2991 armis-

162 3052 225 3116 que
249 3034 399 3097 omnibus
422 3054 464 3098 ex
487 3034 602 3118 oppido
626 3034 751 3097 traditis
773 3035 807 3096 in
832 3033 1024 3097 deditionem
1044 3031 1232 3098 Suessiones

163 3141 278 3224 accipit
309 3143 550 3223 exercitumque
582 3143 617 3204 in
640 3140 828 3203 Bellovacos
861 3141 956 3204 ducit
1004 3141 1061 3223 qui
1092 3159 1166 3204 cum
1198 3159 1260 3205 sea

135 3266 285 3330 ssuaque
322 3250 429 3311 omnia
465 3250 500 3311 in
537 3248 691 3331 oppidum
722 3248 987 3330 Bratuspantium
1022 3248 1234 3312 contulissent

163 3360 258 3436 atque
286 3355 325 3417 ab
354 3374 391 3419 eo
420 3354 536 3439 oppido
566 3354 684 3418 Caesar
715 3372 790 3417 cum
821 3355 966 3418 exercitu
993 3355 1119 3418 circiter
1144 3354 1234 3419 milia

163 3481 316 3545 passuum
353 3462 385 3524 V
423 3462 560 3543 abesset,
599 3480 710 3525 omnes
748 3462 884 3524 maiores
922 3466 1001 3523 natu
1040 3480 1081 3525 ex
1116 3461 1232 3545 oppido

164 3570 283 3651 egressi
313 3588 428 3632 manus
461 3568 500 3631 ad
525 3566 692 3633 Caesarem
724 3567 855 3632 tendere
887 3573 920 3632 et
941 3587 1020 3632 voce
1053 3567 1233 3652 significare

164 3681 339 3759 coeperunt
361 3696 430 3741 sese
453 3678 488 3739 in
512 3677 581 3740 eius
603 3674 701 3739 fidem
724 3695 761 3739 ac
784 3680 974 3759 potestatem
992 3677 1104 3739 venire
1119 3674 1233 3759 'neque

255 3869 289 3924 20
307 3870 492 3937 interfecerefl
523 3870 532 3939 ss
565 3869 596 3923 21
612 3884 736 3924 occasum
749 3868 820 3934 HM3
839 3886 1019 3939 occasumque
1032 3888 1063 3937 a,
1082 3876 1208 3936 occasu?
1225 3867 1234 3940 ΙΙ

165 3958 240 4028 sequi
258 3958 333 4027 B²ss3
352 3976 404 4012 om.
425 3979 443 4011 u

253 4048 298 4105 12.
319 4050 333 4101 1
354 4048 443 4103 hostes
462 4056 526 4116 sep
561 4050 570 4118 li
607 4048 999 4117 intersaepientes
1034 4049 1044 4117 ΙΙ
1078 4047 1234 4102 3eonfeeto

165 4137 215 4191 del.
234 4136 321 4207 Nipp.
354 4139 363 4208 ti
395 4140 481 4205 bae

255 4228 300 4284 13.
319 4228 337 4281 4
355 4227 452 4297 accipit
476 4227 569 4293 Vosa3
588 4227 690 4297 accepit
707 4226 738 4281 X
766 4227 775 4297 lt
808 4226 917 4282 dmilia
934 4244 987 4279 om.
1008 4245 1026 4277 α
1056 4227 1066 4295 ΙΙ
1098 4226 1217 4290 9ηθοβ
