3134 4859
332 302 396 363 154
732 315 838 371 BELLI
857 316 1000 371 GALLlCl

299 479 471 545 adimenta
497 477 722 563 legionemque
750 482 866 544 reverti
894 482 1109 545 constituerat.
1160 482 1212 545 hio
1246 487 1399 564 quantum

330 587 363 647 in
387 585 471 649 bello
493 586 622 649 fortuna
643 588 745 669 possit
768 593 800 651 et
823 593 960 670 quantos
983 588 1105 652 adferat
1132 607 1224 652 casus
1253 590 1399 671 cognosci

299 693 441 775 apotuit.
489 692 648 776 dissipatis
672 714 708 757 ac
732 696 907 776 perterritis
930 695 1089 778 hostibus
1112 700 1148 759 ut
1172 695 1426 763 demonstravi-a

330 819 416 882 mus,
440 820 554 864 manus
577 806 644 864 erat
666 801 767 883 nulla,
793 820 874 882 quae
899 821 1028 885 parvam
1053 802 1147 866 modo
1164 822 1293 865 causam
1309 804 1402 867 timo-

300 910 373 972 lris
397 906 540 971 adferret.
587 913 674 971 trans
696 908 847 973 Rhenum
875 908 925 971 ad·
943 908 1118 972 Germanos
1145 911 1292 993 pervenit
1317 910 1404 973 fama

331 1016 427 1099 diripi
450 1012 618 1079 Eburones
646 1021 741 1097 atque
769 1016 853 1079 rdtro
883 1034 993 1079 omncs
1022 1017 1062 1079 ad
1089 1017 1238 1099 praedam
1266 1018 1401 1080 evocari.

301 1126 450 1206 acogunt
483 1123 628 1203 equitum
656 1121 719 1185 duo
748 1122 837 1185 milia
865 1120 1049 1206 Sugambri,
1078 1124 1134 1206 qui
1163 1130 1237 1187 sunt
1264 1124 1404 1206 proximi

331 1230 458 1308 Rheno,
484 1249 503 1291 a
526 1228 643 1310 quibus
666 1235 811 1312 receptos
840 1248 881 1292 ex
903 1230 978 1313 fuga
1006 1230 1176 1294 Tencteros
1204 1235 1300 1311 atque
1330 1230 1442 1294 Usi-10
1503 1259 1506 1268 ·

302 1340 421 1419 apetes
445 1355 541 1418 supra
568 1335 743 1399 docuimus.
795 1341 962 1399 transeunt
987 1336 1136 1399 Rhenum
1163 1336 1302 1401 navibus
1331 1338 1405 1400 rati-

333 1442 457 1525 busque
480 1442 582 1505 XXX
605 1442 736 1507 milibus
752 1462 904 1526 passuum
919 1444 1002 1505 infra
1017 1462 1091 1507 eum
1107 1444 1228 1527 locum,
1252 1444 1310 1507 ubi
1325 1464 1405 1528 pons

332 1555 402 1614 erat
424 1548 582 1632 perfectus
605 1549 864 1633 praesidiumque
894 1570 912 1612 a
936 1549 1069 1614 Caesare
1092 1550 1253 1631 relictum;
1282 1552 1405 1635 primos

334 1655 522 1719 Eburonum
545 1655 626 1719 fines
649 1657 781 1737 adeunt3
812 1657 929 1721 multos
957 1676 999 1721 ex
1026 1658 1100 1740 fuga
1129 1657 1287 1740 dispersos
1317 1659 1405 1722 exci-

332 1765 437 1847 piunt,
463 1782 577 1847 magno
601 1765 724 1846 pecoris
739 1782 888 1845 numero,
912 1766 1005 1828 cuius
1026 1771 1101 1828 sunt
1116 1764 1317 1847 cupidissimi
1335 1764 1442 1827 bar-15

304 1871 416 1951 abari,
439 1871 615 1953 potiuntur.
662 1871 788 1933 invitati
813 1870 930 1953 praeda
953 1872 1080 1954 longius
1108 1872 1291 1954 procedunt.
1341 1890 1407 1935 non

332 1980 390 2042 hos
413 1978 545 2061 paludes
568 1976 651 2040 bello
675 1978 915 2060 latrociniisque
939 1983 1044 2059 natea,
1069 1996 1132 2041 non
1157 1978 1255 2041 silvae
1278 1996 1406 2041 moran-

333 2091 392 2148 tur.
445 2084 563 2166 quibus
594 2085 630 2147 in
657 2084 735 2147 locis
768 2085 810 2148 sit
842 2084 958 2147 Caesar
990 2104 1032 2147 ex
1064 2085 1198 2167 captivis
1231 2090 1405 2166 quaerunt3

333 2191 510 2274 profectum
533 2192 661 2273 longius
684 2192 850 2273 reperiunt
873 2210 1064 2274 omnemque
1088 2193 1266 2255 exercitum
1288 2192 1407 2256 disces-

305 2300 414 2361 ssisse
447 2303 651 2381 cognoscunt.
702 2304 798 2381 atque
826 2318 911 2362 unus
946 2318 988 2361 ex
1021 2300 1165 2382 captivis,
1198 2299 1290 2381 ‘quid
1325 2298 1406 2381 vos',
1420 2317 1444 2359 ao

335 2408 454 2487 inquit,
487 2406 583 2468 ‘hanc
619 2406 766 2468 miseram
805 2424 841 2467 ac
879 2411 1008 2469 tenuem
1045 2407 1211 2469 sectamini
1247 2406 1407 2489 praedam,

336 2514 454 2596 quibus
477 2513 551 2575 licet
574 2513 638 2573 iam
661 2531 730 2575 esse
753 2513 1043 2575 fortunatissimos?
1082 2512 1185 2575 tribus
1204 2513 1289 2576 horis
1306 2515 1407 2577 Atua-

335 2627 442 2684 tucam
465 2620 574 2682 venire
597 2620 740 2702 potestis:
765 2619 830 2681 huc
855 2637 964 2682 ornnes
988 2639 1062 2683 suas
1085 2620 1228 2683 fortunas
1245 2623 1408 2683 exercitus

306 2728 555 2791 aRomanorum
580 2725 728 2804 contulit3
752 2726 904 2808 praesidii
929 2730 1055 2789 tantum
1079 2733 1138 2808 est,
1164 2731 1201 2789 ut
1228 2744 1269 2789 ne
1293 2746 1407 2790 murus

337 2835 468 2917 quidem
493 2834 579 2916 cingi
602 2834 830 2916 possitneque
855 2835 1027 2916 quisquam
1051 2833 1159 2917 egredi
1187 2839 1278 2897 extra
1300 2836 1406 2897 muni·
1420 2849 1444 2891 aa

296 2958 321 2999 ro
337 2945 440 3005 tiones
473 2939 607 3003 audeat'
661 2939 751 3023 (hac)
783 2939 888 3003 oblata
922 2960 977 3023 spe
1007 2940 1157 3004 Germani
1193 2960 1291 3022 quam
1321 2942 1408 3004 nacti

336 3055 426 3113 erant
448 3044 600 3131 praedam
622 3049 656 3109 in
680 3046 804 3109 occulto
821 3047 1021 3130 relinquunt3
1047 3048 1108 3130 ipsi
1122 3047 1315 3111 Atuatucam
1333 3067 1408 3111 con-

337 3156 474 3219 tendunt
498 3156 547 3217 usi
571 3152 683 3217 eodem
707 3154 802 3236 duce,
827 3155 919 3216 cuius
943 3155 1021 3218 haec
1044 3154 1163 3217 indicio
1184 3159 1406 3237 cognoverant.

279 3269 319 3324 36
338 3260 462 3341 Cicero,
496 3262 551 3343 qui
587 3279 697 3324 omnes
734 3262 915 3343 superiores
953 3261 1020 3325 dies
1054 3263 1231 3345 praeceptis
1264 3261 1431 3325 Caesarisr

338 3388 464 3431 summa
487 3368 652 3451 diligentia
675 3368 793 3431 milites
817 3369 852 3431 in
876 3370 986 3431 castris
1010 3369 1219 3431 continuisset
1242 3388 1278 3432 ac
1299 3388 1340 3431 ne
1356 3388 1406 3431 ca-

337 3475 445 3537 lonem
470 3474 600 3556 quidem
625 3494 820 3558 quemquam
839 3482 928 3537 extra
943 3476 1156 3539 munitionem
1172 3475 1280 3558 egredi
1295 3494 1406 3557 passus

338 3588 434 3664 esset,
466 3582 538 3644 Vll.
572 3582 622 3645 die
656 3581 803 3645 diffidens
841 3581 879 3643 de
912 3602 1044 3646 numero
1084 3581 1207 3645 dierum
1241 3581 1406 3646 Caesarem

428 3850 474 3904 35.
495 3849 511 3901 9
530 3847 665 3916 Sygambri
684 3847 742 3915 (sig.
762 3846 800 3915 fl)
820 3854 837 3914 β
868 3850 876 3916 j!
911 3848 944 3902 10
962 3848 1133 3901 thenctheros
1147 3866 1177 3915 eq
1197 3847 1347 3901 tenctheros
1364 3853 1382 3913 β
1399 3844 1406 3915 ll

343 3939 375 3992 13
394 3938 427 3991 ab
447 3957 464 3988 a
497 3939 505 4005 ll
539 3938 570 3989 17
586 3936 695 4005 paludes
709 3936 875 4004 (Prcmmcr‚
879 3939 890 4001 )
906 3936 967 3989 HM
969 3956 975 4004 ς
994 3936 1071 4005 palus
1084 3938 1113 3989 in
1130 3936 1161 3991 X
1177 3936 1214 4004 (in
1227 3937 1276 3989 dal.
1290 3936 1379 4003 Dint.)
1398 3933 1405 4004 ll

338 4027 374 4079 22
393 4026 650 4095 fortunatissimisrp
692 4025 700 4095 ΙΙ
742 4026 783 4078 22.
805 4027 838 4079 23
858 4027 1016 4080 aduatucam
1036 4044 1073 4079 oo
1109 4031 1117 4094 ll
1155 4026 1190 4077 24
1209 4041 1353 4079 numurus
1372 4041 1405 4089 π;

339 4131 468 4169 numerus
488 4135 521 4188 αρ
553 4120 562 4182 ll
594 4115 628 4169 26
648 4114 698 4167 hac
717 4115 778 4168 add.
800 4115 947 4169 uallatur
979 4117 987 4183 {l
1020 4114 1052 4167 27
1073 4116 1230 4168 aduatucam
1250 4134 1267 4165 a

428 4224 475 4279 26.
496 4225 509 4275 1
531 4223 576 4291 qui
595 4238 643 4291 per
661 4239 752 4276 omnes
771 4230 788 4289 β
820 4225 828 4291 ll
861 4222 877 4274 2
896 4239 957 4275 cum
977 4237 1080 4275 summa
1100 4221 1170 4291 dilig.
1192 4240 1209 4272 a
