3134 4859
503 324 611 377 LIBER
628 324 691 377 IIII.
712 324 787 379 CAP.
807 324 930 379 30-34.
1210 310 1254 373 95

180 494 324 567 tuerant3
347 493 418 551 tum
441 487 600 571 dispersos
624 488 775 569 depositis
799 488 895 551 armis
922 488 956 549 in
979 486 1129 551 metendo
1159 508 1285 555 occu-s

181 601 273 677 patos
305 594 411 659 subito
447 595 549 658 adorti
586 596 698 677 paucis
734 594 909 658 interfectis
945 594 1086 676 reliquos
1121 595 1253 657 incertis

136 726 167 767 ao
182 701 351 765 ordinibus
382 702 661 785 perturbaverant,
696 702 793 764 simul
826 702 970 784 equitatu
1004 707 1099 783 atque
1132 701 1253 764 essedis

151 834 165 873 1
181 808 467 873 circumdederant.
514 808 624 872 Genus
639 809 700 871 hoc
720 814 769 871 est
787 826 829 871 ex
848 806 966 871 essedis
982 826 1123 891 pugnae:
1147 808 1251 890 primo
1269 824 1313 881 33

180 936 239 1000 per
262 936 372 981 omncs
394 921 500 1000 partes
522 916 726 999 perequitant
755 920 787 979 et
809 916 872 978 tela
896 916 1038 978 coiciunt
1061 920 1156 997 atque
1179 914 1252 997 ipso

180 1029 302 1087 terrore
329 1042 487 1105 equorum
514 1028 546 1087 et
572 1022 706 1104 strepitu
733 1027 877 1085 rotarum
905 1022 1033 1085 ordines
1060 1022 1252 1104 plerumque

180 1128 383 1213 perturbant,
406 1134 438 1193 et
459 1148 533 1192 oum
548 1148 582 1193 se
598 1130 681 1193 inter
696 1121 843 1210 equitum
859 1134 980 1192 turmas
995 1129 1252 1213 insinuaverunt,

148 1257 224 1301 sex
247 1237 366 1301 essedis
390 1236 541 1299 desiliunt
565 1241 597 1299 et
618 1235 753 1318 pedibus
771 1236 978 1319 proeliantur.
1025 1236 1154 1319 aurigae
1170 1237 1284 1301 inte-a

179 1346 243 1407 rim
265 1344 418 1427 paulatim
441 1362 484 1406 ex
506 1342 627 1426 proelio
651 1343 812 1407 excedunt
836 1349 932 1425 atque
959 1345 1007 1406 ita
1034 1362 1147 1406 currus
1175 1362 1252 1405 con-

71 1516 76 1522 ,
178 1452 300 1533 locant,
327 1456 377 1532 ut,
404 1452 432 1513 si
454 1450 504 1512 illi
528 1470 547 1512 a
568 1449 776 1513 multitudine
799 1450 940 1514 hostiurn
964 1455 1162 1533 premantur,
1195 1470 1252 1513 ex·

178 1559 326 1641 peditum
363 1558 404 1620 ad
439 1576 515 1620 suos
551 1563 715 1639 receptum
753 1556 900 1619 habeant.
960 1558 1004 1619 ita
1040 1556 1250 1619 mobilitatem
1264 1582 1284 1623 a

180 1667 341 1747 equitum,
373 1663 579 1727 stabilitatem
611 1664 755 1747 peditum
788 1666 823 1727 in
850 1663 978 1747 proeliis
1006 1668 1180 1746 praestant,
1214 1682 1253 1725 ac

131 1794 164 1835 10
179 1777 306 1836 tantum
339 1791 403 1835 usu
429 1771 589 1835 cotidiano
622 1777 654 1836 et
681 1772 910 1835 exercitatione
944 1770 1099 1852 efficiunt,
1134 1771 1183 1833 uti
1215 1771 1249 1833 in

180 1879 297 1943 declivi
320 1898 357 1942 ac
379 1879 546 1961 praecipiti
569 1878 640 1944 loco
660 1879 810 1941 incitatos
826 1897 926 1959 equos
941 1878 1097 1941 sustinere
1113 1882 1145 1939 et
1159 1876 1251 1941 brevi

178 1986 340 2049 moderari
363 2005 400 2049 ac
423 1985 550 2049 flectere
574 1991 606 2048 et
619 2004 676 2069 per
691 1990 851 2049 temonem
867 2002 1052 2067 percurrere
1075 1990 1107 2047 et
1122 1984 1158 2046 in
1173 1985 1251 2067 iugo

179 2094 327 2157 insistere
346 2098 379 2156 et
401 2092 529 2155 scinde
547 2094 581 2154 in
598 2111 711 2155 currus
728 2093 880 2155 citissime
896 2092 1036 2173 recipere
1055 2092 1249 2155 consuerint.

147 2224 163 2265 1
180 2199 307 2275 Quibus
328 2199 426 2264 rebus
449 2199 641 2282 perturbatis
663 2200 781 2262 nostris
800 2199 942 2261 novitate
956 2218 1083 2281 pugnae
1108 2204 1249 2282 ternpore
1267 2215 1311 2270 34.

179 2308 428 2391 oportunissimo
443 2304 558 2369 Caesar
579 2306 737 2369 auxilium
757 2306 844 2369 tulit:
870 2323 1010 2388 namque
1024 2306 1095 2367 eius
1110 2305 1250 2369 adventu

178 2416 289 2478 hostes
311 2414 536 2492 constiterunt,
565 2413 665 2476 nostri
687 2432 721 2475 se
744 2431 787 2475 ex
810 2414 923 2476 timore
946 2418 1145 2495 receperunt.
1185 2431 1282 2494 quoa

177 2521 262 2585 facto
286 2520 327 2583 ad
348 2521 569 2584 lacessendum
596 2521 720 2583 hostem
746 2525 779 2583 et
806 2518 1068 2584 committendum
1092 2519 1250 2601 proelium

144 2629 323 2692 salienum
346 2648 415 2692 esse
439 2632 564 2711 tempus
591 2627 763 2690 arbitratus
790 2646 847 2689 suo
872 2646 905 2690 se
933 2628 1003 2690 loco
1032 2628 1191 2690 continuit
1218 2632 1251 2689 et

177 2736 271 2800 brevi
294 2740 435 2818 tempore
459 2736 641 2797 intermisso
664 2736 697 2797 in
722 2739 825 2797 castra
840 2734 981 2816 legiones
996 2734 1133 2798 reduxit.
1173 2732 1280 2801 duma

177 2843 258 2906 baec
285 2848 456 2925 geruntur,
489 2843 604 2905 nostris
638 2841 787 2904 omuibus
821 2842 981 2924 occupatis
1014 2842 1069 2923 qui
1097 2846 1187 2906 amnt
1214 2840 1248 2902 iu

179 2951 264 3032 agris
291 2949 408 3031 reliqui
436 2949 658 3012 discesserunt.
709 2952 836 3011 secutae
865 2952 940 3010 sunt
968 2948 1135 3010 continuos
1163 2966 1284 3012 com-a

178 3056 287 3139 plures
311 3055 379 3119 dies
400 3060 616 3138 tempestates,
641 3074 721 3137 quae
745 3060 777 3117 et
800 3059 925 3117 nostros
952 3055 985 3115 in
1010 3055 1121 3116 castris
1149 3054 1250 3116 conti-

128 3183 162 3225 ro
177 3169 294 3229 nerent
317 3168 350 3227 et
370 3163 495 3226 hostem
523 3182 542 3224 a
567 3182 675 3244 pugna
701 3161 914 3244 prohiberent.
964 3161 1094 3223 interim
1121 3158 1282 3227 barbaria

178 3272 311 3335 nuntios
333 3270 368 3333 in
392 3288 503 3333 omnes
525 3274 632 3351 partes
648 3268 837 3331 dimiserunt
852 3269 1110 3351 paucitatemque
1124 3272 1250 3330 nostro-

178 3399 251 3441 rum
279 3377 420 3440 militum
447 3378 514 3439 suis
541 3376 807 3459 praedicaverunt
834 3381 865 3439 et
893 3380 1012 3458 quanta
1041 3376 1177 3457 praedae
1203 3373 1252 3437 fa-

178 3484 310 3549 ciendae
334 3488 428 3566 atque
450 3485 487 3546 in
508 3489 699 3567 perpetuum
720 3484 771 3546 sui
786 3482 946 3546 liberandi
960 3481 1094 3545 facultas
1111 3482 1253 3562 daretur,

266 3715 313 3770 33.
334 3715 351 3766 4
369 3713 562 3767 insinuauerint
589 3710 761 3780 QbB²M²9f2
802 3713 811 3776 ΗΗ
852 3728 913 3765 cum
937 3727 965 3765 sc
1047 3710 1253 3765 insinuaueruut

177 3804 227 3857 del.
248 3802 421 3857 Scbambaeb
451 3802 461 3870 Η
492 3804 562 3855 5ex
581 3820 611 3869 ας
635 3803 714 3854 etex
733 3800 768 3870 (af
795 3802 803 3870 ΗΗ
835 3800 948 3869 pedibus
968 3818 997 3867 u3
1021 3799 1160 3868 pediteslt
1191 3800 1200 3867 ΗΗ
1232 3801 1254 3853 6

175 3892 322 3962 paulump
353 3892 362 3960 ΗΗ
393 3898 438 3958 aa
468 3896 478 3958 ΗΗ
509 3906 602 3944 currus
622 3909 652 3958 ας
671 3897 730 3958 sept
761 3892 770 3955 Η
804 3890 837 3945 10
850 3892 909 3957 utss
940 3891 949 3958 ΗΗ
982 3891 1015 3942 13
1029 3887 1172 3943 consistere
1191 3889 1221 3941 ειι
1241 3886 1252 3958 Η

174 3983 222 4035 ind
257 3997 270 4034 s

222 3998 237 4035 Θ
264 3989 347 4125 ΞΧΙ
367 4070 485 4123 nouitate
503 4086 605 4138 pugnae
628 4069 678 4121 del.
697 4069 789 4136 Kraff.
827 4070 835 4137 ΗΗ
872 4070 888 4123 3
913 4085 947 4121 ex
970 4043 1064 4121 timore
1088 4083 1116 4121 se
1140 4066 1195 4136 l’l'l
1220 4082 1255 4119 so

175 4177 228 4213 om.
248 4159 295 4226 αῙ1
327 4161 336 4228 ΗΗ
368 4160 663 4226 4hostemf130m.c
695 4160 703 4229 ΗΗ
736 4159 810 4225 etin
830 4159 907 4211 etad
927 4177 944 4209 a
976 4157 985 4225 ΗΗ
1017 4157 1041 4210 8.
1062 4158 1078 4210 9
1098 4156 1155 4209 dies
1175 4172 1255 4209 com·-

175 4248 266 4318 plures
284 4254 302 4315 β
334 4248 342 4315 ΗΗ
375 4248 409 4301 12
427 4250 541 4317 quantae
560 4268 575 4319 ρ
