3134 4859
506 379 615 433 LIBER
633 380 693 433 Vll.
713 380 789 434 ΟΑΡ.
809 381 932 435 53-56.
1192 365 1254 428 193

186 541 322 622 Galliae,
354 542 564 623 frumentum,
596 543 765 625 pecuniam
793 543 965 625 publicam,
999 556 1130 607 suorum
1159 549 1255 626 atque

185 650 346 712 exercitus
362 650 663 732 impedimentorum
679 669 828 733 magnam
843 656 965 733 partem
982 651 1173 729 contuleram
1191 652 1282 717 huce

157 774 340 839 smagnum
367 774 540 820 numerum
566 776 723 839 equorum
750 757 847 821 huius
875 756 951 821 belli
978 776 1074 821 causa
1101 758 1136 820 iu
1163 756 1256 821 Italia

186 867 282 945 atque
309 862 467 945 Hispania
495 868 677 945 coemptum
704 864 840 927 miserat.
887 882 924 927 eo
953 883 1027 927 cum
1055 862 1283 946 Eporedorixi

186 967 474 1051 Viridomarusque
489 970 654 1033 venissent
670 974 701 1032 et
716 970 756 1033 de
771 974 857 1033 statu
872 972 1007 1041 civitatis
1024 972 1255 1055 cognovissent,

188 1074 386 1141 Litaviccum
407 1076 556 1141 Bibracte
580 1076 619 1139 eb
643 1075 788 1141 Haeduis
811 1084 987 1161 receptum,
1015 1078 1101 1159 quod
1129 1084 1177 1142 est
1202 1098 1257 1161 op-

186 1184 300 1267 pidum
332 1184 416 1266 apud
449 1202 503 1247 eos
535 1184 694 1247 maximae
726 1186 937 1266 auctoritato,
971 1184 1257 1253 Conuictolitauem

146 1311 175 1354 10
187 1292 409 1373 magistratum
441 1309 655 1374 magnamque
686 1296 807 1372 partem
839 1296 968 1355 senatus
1003 1292 1043 1355 ad
1075 1311 1150 1356 eum
1181 1310 1256 1355 con-

189 1398 328 1479 venisse,
355 1398 476 1481 legatos
500 1398 540 1461 ad
563 1397 858 1485 Vercingetorigem
886 1398 925 1463 de
953 1418 1030 1482 pace
1060 1405 1092 1462 et
1119 1400 1258 1463 amicitia

189 1504 390 1567 concilianda
411 1504 540 1588 publice
562 1507 689 1587 missos,
712 1524 778 1567 non
796 1506 1115 1588 praetermittendum
1134 1510 1257 1569 tautum

189 1611 395 1674 commodum
418 1612 689 1676 existimaverimt.
736 1613 844 1693 itaque
872 1611 1046 1677 interfectis
1074 1610 1285 1678 Novioduuia

190 1717 376 1781 custodibus
400 1719 521 1801 quique
544 1738 581 1783 eo
597 1719 782 1802 negotiandi
799 1738 895 1782 causa
911 1724 1140 1800 couvenerant,
1162 1738 1259 1802 pecu-

149 1844 176 1886 15
191 1825 276 1886 niam
300 1829 396 1906 atque
420 1844 520 1908 equos
541 1827 626 1889 iuter
648 1844 683 1889 se
704 1826 813 1908 partiti
836 1830 923 1907 sunt,
949 1824 1075 1893 obsides
1094 1826 1286 1891 civitatumc

192 1928 341 1995 Bibracte
357 1932 397 1993 ad
411 1932 634 2015 magistratum
651 1932 855 1995 deducendos
871 1936 1078 2013 curaverunt,
1100 1932 1258 2015 oppidum,
1274 1957 1286 1999 r

192 2036 280 2117 quod
304 2057 324 2099 e
346 2057 380 2101 se
403 2039 505 2101 teneri
528 2057 595 2102 non
618 2057 711 2120 posse
732 2038 932 2119 iudicabant,
956 2057 997 2101 ne
1014 2039 1066 2103 cui
1083 2043 1166 2103 esset
1185 2040 1260 2103 usui

191 2143 357 2226 Romania,
390 2144 615 2227 incenderunt,
648 2145 800 2209 frumenti
833 2146 920 2227 qued
952 2144 1057 2209 subito
1087 2149 1286 2228 potuerunts

192 2250 331 2315 navibus
353 2256 545 2333 avexerunt,
567 2252 729 2334 reliquum
751 2251 884 2315 flumine
908 2256 1003 2334 atque
1021 2251 1172 2315 incendio
1192 2270 1262 2315 cor-

151 2375 179 2417 20
193 2363 363 2441 ruperunt,
387 2359 448 2440 ipsi
466 2377 509 2423 ex
528 2357 672 2423 finitimis
690 2358 875 2442 regionibus
897 2359 1005 2445 copias¹
1023 2378 1148 2443 cogere,
1171 2378 1288 2442 prae-a

194 2464 276 2527 sidia
291 2465 517 2547 custodiasque
541 2465 581 2528 ad
596 2466 681 2549 ripas
697 2464 819 2549 Ligeris
836 2447 1011 2549 disponere*
1021 2468 1262 2549 equitatumque

195 2571 343 2635 omuibus
365 2572 445 2635 locis
468 2572 622 2636 iniciendi
646 2574 770 2637 timoris
788 2592 885 2637 causa
904 2578 1062 2637 ostentare
1080 2578 1262 2656 coeperunt,

195 2680 223 2741 si
250 2678 289 2741 ab
317 2698 352 2742 re
378 2678 585 2742 frumentaria
611 2680 772 2743 Romanos
804 2680 976 2745 excludere
1010 2679 1078 2763 [aut
1109 2680 1263 2743 adductos

195 2785 304 2868 inopia
330 2804 371 2848 ex
399 2787 564 2868 provincia
591 2785 761 2870 expellere]
794 2793 931 2869 possent.
983 2806 1080 2869 quam
1108 2788 1147 2849 ad
1176 2806 1265 2870 spem
1279 2812 1305 2853 1o

154 2908 181 2951 as
196 2892 333 2956 multum
349 2912 404 2956 eos
419 2892 602 2975 adiuvabat,
626 2894 712 2975 quod
729 2892 824 2977 Liger
844 2914 885 2965 ex
907 2893 1035 2957 nivibus
1051 2898 1204 2975 creverat,
1228 2898 1265 2955 ut

168 3000 327 3062 10mnino
350 3000 432 3064 vado
455 3019 520 3063 non
543 3018 636 3083 posse
661 3002 790 3064 transiri
815 3000 983 3064 videretur.
1023 2998 1145 3074 Quibus
1168 2999 1264 3063 rebus
1283 3016 1319 3071 56

197 3107 332 3189 cognitis
356 3105 471 3170 Caesar
493 3106 720 3171 maturandum
743 3108 805 3181 sibi
820 3108 958 3189 censuit,
981 3108 1009 3171 si
1033 3112 1116 3171 esset
1138 3107 1172 3169 in
1194 3125 1265 3190 per-

197 3212 342 3278 ficiendis
368 3214 520 3296 pontibus
546 3214 805 3297 periclitandum,
837 3220 874 3277 ut
900 3215 1001 3297 prius,
1035 3232 1132 3299 quam
1160 3218 1267 3277 essent

198 3320 334 3383 maiores
358 3339 395 3383 eo
418 3324 545 3383 coactae
569 3322 691 3404 copiae,
715 3321 887 3383 dimicaret.
925 3340 999 3383 nam
1015 3340 1055 3385 ne
1072 3325 1293 3387 commutator

170 3426 331 3491 sconsibo
361 3428 422 3490 iter
448 3428 484 3490 in
510 3429 707 3511 provinciam
736 3432 947 3509 converteret,
980 3433 1015 3491 ut
1046 3426 1141 3512 <non>
1171 3446 1265 3491 nemo

287 3602 525 3657 55.81itauicum
546 3602 602 3672 S(f)
634 3604 644 3673 ll
674 3604 786 3657 bibracti
806 3624 823 3655 c
855 3604 864 3673 ll
896 3604 1064 3674 bmagnaep
1096 3604 1105 3672 b
1132 3602 1267 3657 conuicto-

198 3690 301 3745 litabim
320 3710 338 3742 α
369 3695 379 3760 ΙΙ
412 3693 443 3744 11
464 3694 492 3746 et
510 3692 558 3760 ub3
578 3698 605 3746 et
623 3694 691 3759 defi
722 3694 731 3761 ΙΙ
764 3693 798 3745 12
816 3695 921 3747 tantum
941 3712 967 3761 ας
986 3693 1089 3747 instans
1102 3694 1205 3747 tantum
1224 3699 1241 3760 β
1259 3691 1267 3765 ll

202 3781 234 3833 14
251 3780 411 3850 negotiandi]
431 3784 478 3835 aut
495 3781 596 3835 itineris
615 3783 714 3850 addit
745 3784 754 3852 ll
791 3784 823 3837 15
843 3783 992 3837 ciuitatium
1012 3800 1047 3855 pa
1079 3784 1087 3853 ll
1121 3783 1152 3835 17
1173 3783 1205 3837 ab
1223 3790 1241 3850 β
1259 3781 1266 3855 b

199 3869 244 3924 cui
262 3869 317 3936 Apu
337 3885 388 3937 quo
408 3889 426 3921 α
457 3871 466 3939 b
500 3870 533 3924 18
552 3870 752 3926 frumentumS
781 3873 790 3941 ΙΙ
823 3873 856 3926 19
869 3872 992 3927 incendio
1005 3874 1084 3942 atque
1097 3873 1207 3927 flumina
1221 3892 1242 3925 π
1261 3872 1269 3945 ll

200 3958 234 4011 23
253 3958 287 4011 ab
306 3965 395 4026 onafl
425 3958 435 4027 ll
467 3959 501 4011 24
520 3976 555 4013 ex
573 3944 710 4029 prouincia
729 3979 758 4028 α;
782 3962 920 4030 prouincia
937 3969 966 4031 β;
986 3962 1014 4015 in
1032 3962 1195 4032 prouinciam
1215 3962 1269 4015 Ni·

200 4046 297 4100 caciaa
329 4049 338 4112 ll
370 4047 504 4117 expellere
524 4068 553 4117 ας
573 4049 750 4117 excluderefl
781 4050 790 4120 ll
823 4051 865 4104 23.
880 4051 914 4104 24
931 4055 977 4105 aut
995 4053 1054 4107 add.
1136 4052 1270 4121 expellere

200 4136 249 4189 dcl.
270 4136 368 4189 Morus
400 4137 409 4205 ΙΙ
441 4137 475 4192 26
494 4139 642 4206 transiret
1249 4210 1251 4213 Ι

289 4226 336 4281 bb.
355 4226 373 4278 4
391 4226 590 4295 neElberliap3
610 4228 683 4281 utX
708 4229 716 4299 tl
743 4230 831 4283 bnon
849 4230 910 4283 odd.
930 4229 1018 4285 Oiacc.
1046 4236 1054 4300 [t
1083 4231 1241 4287 btumAld.
1262 4230 1269 4302 b

201 4314 226 4368 5.
246 4314 263 4369 6
281 4316 313 4367 ut
330 4330 408 4369 nemo
426 4317 491 4370 tunc
510 4317 616 4385 quidem
635 4325 663 4385 (³3
682 4320 765 4371 utne
784 4320 859 4373 metu
878 4319 985 4387 quidem
1005 4340 1022 4372 a

247 4420 327 4465 caesa
340 4422 358 4467 1.
373 4422 407 4466 eu.
422 4421 513 4467 nemer.
1079 4428 1111 4480 13
