3134 4859
489 341 597 395 LIBER
614 342 662 397 Vl.
682 340 757 396 CAP.
777 341 898 395 24-29.
1166 327 1228 389 149

143 502 244 570 rsunt
266 504 356 585 item,
381 524 462 586 quae
486 504 685 587 appellantur
707 504 798 567 alces.
845 504 958 566 harum
986 509 1033 567 est
1056 504 1230 567 consimilis
1248 512 1283 565 27

167 612 264 693 capris
287 610 390 693 figura
414 616 446 674 et
468 611 606 673 varietas
628 610 774 694 pellium,
803 611 859 673 sed
886 611 1107 694 magnitudine
1134 612 1229 694 paulo

165 718 355 781 antecedunt
376 718 574 800 mutilaeque
597 722 672 780 sunt
695 717 845 781 comibus
869 722 901 781 et
923 738 1017 780 crura
1045 720 1114 781 sine
1137 719 1230 781 nodis

166 824 368 906 articulisque
391 824 523 906 habent,
548 843 656 906 neque
681 824 796 905 quietis
820 843 916 886 causa
937 824 1152 906 procumbunt
1174 843 1257 889 nen

140 950 237 1013 sque,
265 932 292 994 si
322 951 385 1014 quo
414 929 560 994 adflictae
589 950 666 993 casu
693 920 918 1011 conciderunt,
946 932 1067 1013 erigere
1095 950 1163 994 sese
1193 952 1229 994 ac

164 1037 328 1101 sublevare
355 1042 498 1121 possunt.
547 1038 598 1101 his
625 1042 701 1100 sunt
736 1037 865 1100 arbores
896 1057 953 1120 pro
982 1037 1155 1117 cubilibus3
1190 1038 1257 1103 ads

165 1164 215 1207 eas
236 1164 271 1208 se
295 1145 456 1229 adplicant
471 1149 566 1225 atque
584 1146 630 1207 ita
644 1144 777 1228 paulum
793 1144 887 1206 modo
903 1144 1073 1207 reclinatae
1090 1146 1230 1226 quietem

164 1252 299 1334 capiunt.
346 1271 482 1334 quarum
511 1270 553 1314 ex
575 1252 719 1333 vestigiis
747 1270 822 1314 cum
849 1256 898 1314 est
925 1250 1183 1314 animadversum
1211 1271 1257 1315 ar

163 1358 378 1440 venatoribus,
407 1378 470 1440 quo
499 1377 533 1421 se
561 1359 703 1441 recipere
730 1358 928 1438 consuerint,
957 1376 1067 1420 omnes
1095 1377 1132 1421 eo
1159 1358 1229 1420 loco

127 1486 151 1528 1o
164 1470 216 1527 aut
238 1465 277 1527 ab
302 1464 463 1528 radicibus
486 1464 648 1528 subruunt
675 1470 730 1527 aut
758 1464 910 1526 accidunt
938 1461 1079 1544 arbores,
1107 1467 1231 1527 tantum

162 1577 197 1633 ut
218 1592 345 1635 summa
367 1573 491 1655 species
513 1591 623 1635 earum
647 1572 801 1633 stantium
824 1570 1032 1650 relinquatur.
1072 1571 1134 1633 huc
1155 1591 1258 1635 cums

162 1697 194 1742 se
221 1679 454 1742 consuetudine
481 1678 730 1760 reclinaverunt,
763 1677 906 1741 infirmas
934 1678 1063 1741 arbores
1090 1678 1229 1761 pondere

139 1784 319 1869 rediligunt
341 1791 438 1866 atque
460 1805 527 1848 una
549 1786 635 1868 ipsae
659 1784 843 1848 concidunt.
889 1784 1029 1848 Tertium
1058 1789 1105 1849 est
1128 1800 1284 1867 genusne

163 1911 285 1974 eorum,
310 1894 366 1975 qui
389 1893 441 1955 uri
464 1891 669 1975 appellantur.
720 1891 754 1955 hi
782 1896 859 1955 sunt
885 1893 1107 1975 magnitudine
1134 1892 1229 1975 paulo

162 2000 241 2062 infra
264 2000 463 2083 elephantos,
486 2000 591 2081 specie
615 2003 647 2062 et
669 1998 774 2063 colore
798 2003 830 2061 et
852 1997 954 2081 figura
977 2001 1068 2062 tauri.
1114 2018 1259 2082 magnac

162 2108 208 2170 ris
236 2126 349 2171 eorum
377 2112 425 2170 est
452 2112 484 2169 et
510 2125 628 2189 magna
651 2105 815 2186 velocitas
843 2124 947 2186 neque
975 2106 1097 2169 homini
1125 2125 1229 2187 neque

138 2213 257 2295 sferae,
286 2233 383 2296 quam
411 2217 661 2295 conspexerunt,
686 2217 829 2295 parcunt.
875 2212 934 2275 hos
961 2213 1102 2276 studiose
1129 2212 1257 2279 tareisa

163 2327 268 2404 captos
292 2319 495 2383 interficiunt.
541 2320 602 2383 hoc
626 2338 660 2382 se
682 2319 789 2382 labore
814 2319 930 2383 durant
949 2318 1169 2383 adulescentes
1185 2324 1230 2383 at-

163 2446 223 2508 que
246 2428 308 2490 hoc
331 2445 446 2509 genere
469 2426 651 2491 venationis
674 2430 838 2508 exercent,
867 2430 899 2489 et
927 2427 983 2507 qui
1006 2426 1160 2510 plurimos
1188 2446 1230 2491 ex

161 2534 209 2597 his
232 2534 473 2615 interfecerunt,
497 2534 606 2597 relatis
628 2534 663 2595 in
685 2533 851 2616 publicum
871 2532 1036 2614 cornibus,
1060 2552 1143 2616 quae
1168 2535 1231 2596 sint

162 2642 358 2722 testimonio,
390 2659 539 2723 magnam
570 2639 678 2703 ferunt
704 2639 840 2702 laudem.
891 2640 948 2704 sed
976 2640 1164 2704 adsuescere
1191 2640 1259 2705 adr

126 2765 150 2807 10
162 2747 307 2811 homines
331 2752 363 2811 et
384 2746 589 2811 mansuefieri
604 2765 645 2809 ne
660 2747 785 2829 parvuli
802 2746 932 2828 quidem
948 2749 1073 2830 excepti
1088 2753 1229 2829 possunt.

163 2854 337 2939 amplitudo
361 2874 519 2917 cornuum
542 2858 575 2917 et
596 2853 700 2937 figura
723 2859 756 2916 et
770 2854 893 2936 species
909 2853 1047 2916 multum
1071 2874 1089 2915 a
1107 2859 1258 2921 nostro-s

161 2982 232 3024 rum
257 2960 354 3025 boum
378 2960 529 3025 cornibus
554 2960 665 3024 differt.
710 2961 790 3024 haec
814 2960 954 3023 studiose
983 2960 1163 3039 conquisita
1190 2959 1258 3027 abc

162 3068 259 3132 labris
284 3073 414 3151 argento
439 3068 698 3131 circumcludunt
721 3073 817 3148 atque
839 3068 874 3128 in
898 3065 1101 3149 amplissimis
1129 3066 1230 3149 epulis

162 3194 217 3257 pro
240 3176 366 3258 poculis
388 3180 532 3239 utuntur.

138 3299 150 3340 1
252 3281 379 3365 Caesar,
412 3287 582 3365 postquam
616 3300 673 3365 per
700 3280 802 3345 Ubios
835 3280 1050 3363 exploratores
1078 3281 1232 3363 comperit
1249 3296 1287 3351 aa

164 3386 285 3453 Suebos
309 3408 377 3453 sese
402 3390 437 3451 in
460 3389 557 3451 silvas
579 3390 749 3472 recepisse,
772 3389 914 3471 inopiam
931 3388 1083 3451 frumenti
1101 3388 1230 3470 veritus,

164 3496 262 3578 quod,
286 3502 433 3580 utsupra
450 3496 751 3577 demonstravimus,
768 3496 901 3558 minime
917 3495 1063 3557 homines
1080 3494 1230 3557 Germani

164 3605 230 3685 agri
245 3604 390 3666 culturae
405 3604 546 3685 student,
570 3603 736 3665 constituit
755 3621 820 3665 non
836 3602 984 3685 progredi
999 3601 1140 3684 longius,
1166 3600 1260 3683 sed,a

139 3723 204 3771 ane
227 3712 357 3773 omnino
381 3715 503 3773 metum
526 3710 649 3773 reditus
673 3710 724 3772 sui
747 3708 890 3772 barbaris
918 3708 1043 3771 tolleret
1070 3713 1166 3788 atque
1195 3714 1231 3770 ut

251 3904 297 3959 27.
318 3906 331 3957 1
352 3903 418 3957 altos
439 3923 456 3955 a
488 3905 496 3972 ΙΙ
529 3903 611 3956 2sed
630 3921 682 3955 om.
701 3910 730 3971 p,
750 3902 808 3969 &f
834 3904 842 3971 lt
875 3902 1079 3969 tarticulisque
1094 3901 1232 3969 SM⁹Q²p;

166 3991 314 4060 articlisqne
333 4012 351 4043 a
382 3997 392 4061 tl
424 3994 488 4047 5sc
506 3999 524 4059 β
555 3997 564 4059 {l
596 4009 626 4045 ac
644 3998 673 4059 β;
692 3995 739 4045 aut
758 4011 775 4043 α
808 3993 817 4060 tt
850 3992 883 4045 10
903 3998 952 4058 ad

251 4082 297 4136 28.
317 4083 334 4134 4
353 4082 394 4134 uis
413 4084 454 4134 est
472 4089 599 4148 eorump
626 4086 635 4149 11
667 4081 794 4135 velocitas
814 4084 840 4133 et
858 4088 979 4148 nequest
1010 4080 1018 4147 ἱ]
1051 4082 1233 4148 bconspexe·

166 4168 218 4222 rint
236 4170 335 4238 (QO
366 4172 375 4240 p
408 4171 442 4225 10
460 4171 709 4239 mansuetifierirp
740 4171 749 4238 it
783 4171 814 4221 11
835 4186 851 4222 a
869 4187 921 4221 om.
943 4189 960 4220 a

251 4260 297 4315 29.
318 4260 334 4311 2
353 4267 486 4326 sueuosfl
518 4260 526 4328 tt
558 4267 623 4327 sest
653 4261 662 4327 l
694 4259 850 4313 3h0mines
869 4258 979 4325 Doris.;
999 4274 1089 4311 omnes
1108 4258 1139 4310 X
