3134 4859
505 268 613 323 urens
630 268 680 323 in.
700 266 776 335 cnr,
796 269 880 322 3-7.
1185 252 1226 313 61

157 432 266 515 magni
289 436 321 495 et
343 431 485 513 virtutis,
509 430 549 493 ad
567 431 702 495 Galbam
725 437 896 495 aecurrunt
918 436 1014 513 etque
1037 450 1137 495 unam
1158 449 1227 494 esse

116 555 144 597 10
158 558 246 622 spem
275 538 386 603 salutis
415 539 544 619 docent,
571 539 599 601 si
627 539 794 621 eruptione
820 539 903 601 fecte
929 544 1110 602 extremum
1137 538 1228 600 auxi-

157 646 237 708 lium
261 646 492 728 experirentur.
538 646 646 727 itaque
674 646 857 709 convocatis
882 645 1124 708 centurionibus
1147 644 1255 709 cele-e

157 753 235 816 riter
257 753 375 815 milites
398 753 550 816 certiores
572 752 659 834 iacit,
687 751 848 834 paulisper
869 751 1117 815 intermitterent
1138 770 1229 833 proe-

157 859 238 923 lium
255 878 291 921 ac
306 863 432 922 tanturn
446 860 541 923 modo
558 859 621 923 tela
635 859 732 921 missa
748 859 933 941 exciperent
948 876 1047 939 seque
1063 878 1105 923 ex
1119 857 1229 923 labore

158 966 339 1049 reficerent,
366 971 438 1049 post
466 966 537 1029 dato
566 966 657 1048 signo
686 984 728 1028 ex
751 966 863 1028 castris
888 970 1106 1047 erumperent,
1133 969 1229 1047 atque

132 1089 288 1135 romnem
310 1092 399 1156 spem
422 1072 532 1137 solutis
554 1074 590 1135 in
604 1073 721 1135 virtute
744 1076 908 1154 ponerent
947 1070 1040 1147 Quod
1060 1072 1140 1135 iussi
1155 1079 1265 1140 sunto

158 1179 293 1260 faciunt,
320 1198 357 1242 ac
383 1179 487 1243 subito
517 1177 665 1243 omnibus
693 1179 793 1262 portis
821 1178 990 1261 eruptione
1017 1178 1101 1243 facta
1121 1198 1229 1260 neque

161 1286 385 1368 cognoscendi,
418 1285 495 1367 quid
527 1284 629 1367 fieret,
662 1302 767 1368 neque
801 1286 851 1348 sui
884 1285 1057 1369 colligendi
1084 1287 1229 1350 hostibus

159 1392 340 1455 facultatem
361 1392 556 1473 relinquunt.
602 1392 648 1453 ito
663 1396 859 1455 commutata
880 1393 1008 1455 fortune
1031 1410 1098 1473 ece,
1121 1394 1179 1477 qui
1193 1394 1256 1457 ina

132 1516 248 1581 sepem
274 1500 501 1581 potiundorum
529 1504 707 1563 castrorum
730 1505 897 1582 venerant,
925 1500 1070 1582 undique
1093 1500 1229 1565 circum·
1261 1544 1264 1548 -

158 1610 292 1669 ventos
317 1604 516 1671 interficiunt
558 1612 590 1671 et
633 1625 675 1669 ex
712 1606 880 1669 hominurn
922 1606 1052 1670 milibus
1094 1608 1230 1691 amplius

157 1712 273 1794 XXX,
297 1731 394 1794 quem
415 1732 588 1777 numerum
602 1712 811 1777 barbarorum
834 1713 876 1777 ad
895 1718 999 1777 castra
1013 1715 1138 1777 venisse
1154 1733 1230 1779 con·

158 1818 274 1901 stabat,
301 1819 373 1901 plus
402 1821 494 1883 tertia
516 1824 605 1901 parte
633 1820 799 1883 interiecta
825 1821 966 1902 reliquos
988 1822 1172 1903 perterritos
1194 1822 1230 1883 in

157 1926 267 2008 fugam
291 1927 432 1989 coiciunt
459 1946 496 1989 ac
523 1946 564 1989 ne
593 1927 627 1988 in
654 1926 732 1989 locis
757 1926 888 2008 quidem
915 1926 1131 2010 superioribus
1154 1948 1230 1991 con-

117 2050 145 2091 10
159 2033 269 2096 sistere
301 2034 473 2116 patiuntur.
520 2034 566 2096 sic
599 2033 747 2096 omnibus
780 2032 920 2095 hostium
947 2034 1046 2116 copiis
1072 2034 1153 2097 fusis
1181 2053 1257 2097 are

158 2141 283 2222 misque
311 2140 417 2202 exutis
446 2158 480 2203 se
507 2140 592 2218 intre
619 2139 815 2203 munitiones
847 2158 922 2201 suas
952 2140 1119 2222 recipiunt.
1165 2162 1229 2225 quo

158 2247 278 2329 proelio
315 2246 411 2329 facte,
451 2246 536 2329 quod
573 2248 699 2331 saepius
737 2248 899 2311 fortunam
937 2252 1091 2330 temptare
1129 2248 1257 2313 Galbar

157 2354 288 2417 nolebat
311 2359 406 2437 atque
430 2353 491 2418 alio
515 2374 549 2419 se
572 2355 607 2418 in
628 2356 762 2419 hiberno
777 2357 911 2421 consilio
926 2358 1053 2421 venisse
1075 2357 1229 2420 memine-

158 2466 220 2544 rat,
243 2462 314 2525 aliis
338 2462 514 2525 occurrisse
537 2463 633 2526 rebus
654 2462 789 2545 viderat,
812 2465 954 2527 maxime
976 2463 1129 2527 frumenti
1143 2482 1229 2527 com·

116 2582 144 2623 15
159 2572 346 2649 meatusque
370 2569 479 2651 inopie
501 2575 663 2652 permotus
686 2575 812 2653 postero
834 2571 885 2635 die
901 2569 1051 2633 omnibus
1074 2570 1143 2633 eius
1166 2571 1229 2633 vici

159 2674 312 2738 aedificiis
335 2676 475 2745 incensis
497 2677 531 2739 in
554 2678 752 2759 provinciam
772 2678 891 2741 reverti
906 2676 1071 2739 contendit
1086 2696 1123 2741 ac
1137 2677 1256 2739 nullos

159 2781 249 2845 hoste
281 2781 467 2865 prohibente
503 2789 560 2846 aut
595 2784 656 2847 iter
687 2783 872 2848 demorante
898 2782 1094 2845 incolumem
1130 2784 1229 2865 legio-

159 2907 234 2951 nem
257 2890 292 2952 in
306 2890 492 2970 Nantuates,
514 2889 589 2954 iude
613 2891 647 2953 in
663 2889 852 2973 Allobroges
868 2889 1021 2972 perduxit
1035 2888 1148 2970 ibique
1163 2889 1230 2952 hie-

159 2996 266 3059 mavit.

131 3117 143 3157 1
249 3102 310 3167 His
333 3103 430 3167 rebus
453 3104 550 3186 gestis
573 3123 648 3166 oum
664 3104 813 3167 omuibus
829 3104 868 3167 de
884 3104 990 3167 causis
1007 3103 1122 3167 Caesar
1137 3123 1229 3186 paca·
1249 3113 1264 3166 7

158 3214 224 3271 tarn
248 3208 383 3272 Gelliam
407 3210 617 3292 existimaret,
646 3209 814 3293 [superatis
836 3209 960 3293 Belgis,
984 3210 1127 3293 expulsis
1151 3210 1230 3275 Ger-

249 3492 425 3547 9adcurrunt
443 3510 472 3558 a,
492 3494 668 3559 occurruntfl
699 3491 707 3561 11
740 3506 799 3545 esse
818 3499 906 3559 emp
937 3494 946 3561 11
979 3495 1012 3546 14
1026 3494 1166 3549 reficerent
1182 3514 1228 3565 up,

158 3580 307 3649 reciperent
324 3600 347 3633 π
379 3582 388 3645 11
419 3587 470 3648 ed

248 3706 276 3761 o.
295 3706 373 3759 41ta
397 3723 427 3773 ας
454 3706 547 3774 Itaque
569 3705 632 3774 B²ss
673 3707 698 3777 11,
722 3709 738 3761 5
763 3705 949 3775 potiundorum
974 3707 1017 3774 “fi
1044 3708 1227 3775 potiendorum

159 3793 221 3863 Birt
252 3796 261 3864 11
294 3797 326 3847 11
346 3795 416 3848 intra
434 3796 593 3849 munitiones
606 3803 635 3862 {³3
655 3796 681 3849 in
696 3798 782 3849 castre
796 3796 1010 3865 munitionesque
1026 3816 1044 3847 o
1075 3801 1084 3863 11
1118 3798 1151 3851 13
1170 3814 1228 3851 sese

159 3882 221 3950 Bm
252 3887 261 3953 11
294 3882 399 3937 Idaliis
418 3899 480 3955 sep
512 3886 521 3954 11
553 3884 659 3939 uidebat
671 3884 772 3939 Fuerat.
805 3886 814 3953 1
847 3886 888 3938 14,
910 3887 943 3939 15
959 3888 1123 3939 commeatus
1142 3886 1229 3955 inopia

158 3977 176 4038 β
207 3972 216 4040 11
249 3972 282 4025 18
301 3972 328 4025 iu
347 3974 461 4027 antuetis
479 3972 510 4025 X

232 4099 276 4159 ,7.
296 4096 321 4150 2.
341 4098 357 4150 3
377 4096 496 4165 expulsis
515 4098 651 4152 Germanis
666 4100 716 4153 del.
727 4099 814 4167 Paul,
833 4099 968 4153 exterritis
982 4099 1149 4167 (perterritis,
1169 4115 1228 4167 per·-

160 4184 252 4255 culsis)
272 4186 411 4240 Germanis
429 4186 546 4253 lambam
565 4188 696 4255 superatis
714 4187 805 4257 Belgis
825 4229 903 4241 .....
923 4186 1037 4243 Sedunis
1055 4187 1105 4240 del.
1126 4187 1189 4240 ΗΜ
