3134 4859
288 296 354 360 246
687 310 795 365 sunu
813 310 957 367 sanuel

287 492 374 537 mam
394 473 577 537 fucultatem
598 472 750 555 habebat,
777 474 866 557 quali
890 475 1029 557 quisque
1056 475 1171 539 tuimet
1192 477 1301 539 animo
1324 478 1361 539 iu

287 582 385 645 totius
401 579 523 645 Galbae
543 579 735 662 unccione,
757 600 854 663 quam
873 583 1071 646 sustinuerat
1087 581 1241 645 fidelitate
1262 588 1362 665 atque

287 686 418 751 auxiliis
432 688 617 771 provinciae
632 687 732 769 illius,
748 724 791 735 —
812 688 863 751 his
878 689 1031 752 coniectis
1045 688 1144 753 rebus
1158 690 1199 752 ad
1214 689 1362 773 legiones

288 794 322 857 iu
344 792 495 877 Belgium
517 814 552 859 se
574 795 695 878 recepit
716 794 961 877 hibernavitque
983 794 1252 861 Nemetocennae.
1375 822 1405 862 aa

232 909 269 964 4⁷
375 901 427 965 Ibi
446 902 610 984 cognoscit
629 900 808 965 Commium
825 902 1011 966 Atrebatem
1033 902 1155 985 proelio
1173 922 1249 966 cum
1268 905 1389 985 equi-1

260 1013 357 1075 statu
371 1027 430 1072 suc
446 1007 657 1073 contendisse.
692 1028 769 1071 nam
783 1028 859 1071 cum
874 1009 1038 1073 Antonius
1052 1011 1087 1073 in
1103 1010 1238 1074 hiberna
1253 1012 1361 1073 renis·

287 1121 336 1181 set
358 1116 535 1198 civitasque
558 1114 760 1179 Atrebatium
787 1116 822 1178 in
846 1114 949 1180 officio
972 1122 1069 1199 esset,
1097 1114 1274 1198 Commius,
1303 1118 1362 1197 qui

287 1228 359 1307 post
372 1222 462 1287 illam
477 1222 744 1304 vulnerationem,
768 1242 865 1304 quam
881 1242 979 1307 supra
994 1224 1253 1307 commemoravi,
1276 1243 1361 1287 sem-

287 1350 344 1415 per
367 1330 407 1394 ad
430 1348 542 1394 omues
564 1334 671 1394 motus
692 1334 822 1413 paratus
843 1331 911 1394 suis
927 1330 1051 1393 civibus
1075 1350 1144 1394 esse
1165 1336 1389 1411 consuessets

288 1456 330 1501 ne
348 1437 483 1501 consilia
500 1437 577 1501 belli
596 1436 825 1519 quaerentibus
843 1443 954 1501 auctor
972 1457 1134 1501 armorum
1153 1438 1286 1520 duxque
1306 1437 1362 1501 de-

288 1549 384 1628 esset,
407 1550 538 1627 parente
560 1544 714 1607 Romanis
737 1545 865 1609 civitate
889 1564 963 1607 oum
987 1545 1054 1607 suis
1077 1544 1242 1626 equitibus
1264 1544 1362 1607 latro-

289 1652 382 1715 ciniis
405 1670 439 1715 se
463 1669 602 1735 suosque
628 1650 733 1714 alebat
755 1651 943 1733 infestisque
970 1652 1141 1715 itineribus
1164 1658 1362 1715 commeatus

288 1758 480 1843 complures,
513 1760 568 1841 qui
597 1758 877 1843 comportabantur
908 1760 942 1823 in
970 1758 1105 1821 hiberna
1131 1757 1362 1839 Romanorum,
1425 1746 1427 1750 ’

233 1876 271 1932 48
289 1865 516 1949 intercipiebat.
554 1864 631 1929 Erat
653 1865 825 1929 attributus
848 1865 989 1929 Antonio
1012 1864 1190 1947 praefectus
1214 1866 1387 1947 equitum1

290 1972 322 2035 Ο.
331 1972 514 2038 Volusenus
529 1971 723 2055 Quadratus,
743 1974 799 2054 qui
815 1992 889 2035 oum
905 1991 941 2035 eo
958 1972 1151 2036 hibernaret
1188 1972 1276 2035 huno
1292 1972 1362 2035 Au-

260 2097 276 2141 a
289 2082 396 2145 tonius
412 2080 452 2144 ud
467 2080 725 2163 persequendum
742 2080 920 2160 equitatum
936 2080 1077 2143 hostium
1093 2080 1198 2143 mittit.
1222 2078 1361 2143 Voluse-

289 2206 350 2251 nus
373 2188 414 2251 ad
434 2206 504 2251 eam
519 2188 683 2268 virtutem,
706 2203 790 2268 quae
806 2186 976 2269 singularis
998 2187 1183 2268 eratineo,
1206 2206 1361 2269 magnum

289 2294 400 2358 odium
416 2293 551 2357 Commii
570 2293 777 2376 adiungebat,
802 2312 866 2376 quo
885 2294 1037 2357 libentius
1061 2292 1096 2356 id
1118 2294 1248 2374 faceret,
1272 2293 1387 2373 quode

289 2400 510 2485 imperabatur.
549 2401 658 2482 itaque
677 2401 839 2483 dispositis
857 2399 983 2463 insidiis
1002 2400 1128 2483 saepius
1147 2401 1272 2482 equites
1290 2400 1361 2463 eius

260 2524 276 2569 a
291 2507 459 2591 adgressus
482 2507 623 2571 secunda
642 2508 763 2590 proelia
780 2506 937 2571 iaciebat
963 2508 1151 2588 novissime,
1174 2526 1248 2569 cum
1265 2507 1361 2571 vehe-

288 2615 430 2679 mentius
458 2615 702 2679 contenderetur
729 2634 767 2678 ac
793 2614 976 2678 Volusenus
1008 2615 1107 2697 ipsius
1134 2612 1360 2697 intercipiendi

289 2720 428 2785 Commii
450 2720 621 2804 cupiditate
644 2722 838 2804 pertinacius
867 2740 939 2785 eum
966 2740 1040 2785 cum
1062 2722 1173 2805 paucis
1195 2722 1359 2783 insecutus

288 2835 384 2911 esset,
414 2828 467 2892 ille
490 2834 595 2892 autem
623 2829 696 2911 fuga
721 2828 903 2893 vehementi
924 2828 1126 2891 Volusenum
1153 2828 1360 2911 produxisset
1373 2848 1401 2889 10

288 2935 429 3019 longius,
460 2936 610 2999 inimicus
636 2936 759 2999 homini
787 2940 918 3019 repente
947 2954 1079 2998 suorum
1106 2936 1236 2998 invocat
1261 2933 1357 2997 fidem

379 3201 421 3255 22.
442 3201 475 3255 23
495 3200 622 3255 habuerat
641 3200 726 3271 qualis
745 3200 856 3270 quisque
875 3200 1000 3255 animuin
1016 3216 1080 3269 rep.
1094 3199 1281 3253 fuissettotius
1296 3198 1334 3265 So
1351 3196 1359 3269 11

289 3288 326 3342 24
343 3289 415 3345 illius
434 3290 483 3344 dcl.
508 3290 598 3345 Olario.
636 3291 644 3360 1
680 3290 723 3344 his
742 3307 794 3343 om.
813 3290 874 3343 ΒΜ
909 3290 918 3359 11
958 3290 1038 3344 rebus
1058 3288 1184 3343 conlectis
1205 3288 1243 3356 Sp
1279 3292 1288 3357 11
1325 3287 1359 3341 25

288 3395 319 3433 se
338 3380 366 3432 in
386 3379 501 3449 belgium
521 3380 559 3447 Sp
590 3380 598 3446 11
629 3378 724 3448 recipit
742 3379 917 3447 hibernatque
935 3378 996 3431 ΒΜ

378 3498 424 3551 tt.
449 3496 465 3549 3
488 3496 647 3550 atrebatium
672 3495 721 3563 85³3
749 3495 897 3549 atrebatum
920 3496 985 3563 (adr.
1009 3494 1092 3563 BM1)
1117 3494 1153 3562 af
1188 3495 1198 3565 11
1238 3495 1310 3547 esset
1330 3511 1359 3559 α;
1384 3557 1388 3564 ¹

290 3589 411 3639 maneret
429 3586 491 3653 18111
522 3586 531 3651 11
562 3585 866 3639 tccmmemorauimus
886 3585 924 3651 Sp
955 3583 964 3651 11
996 3584 1207 3651 71·0manisX;
1226 3580 1361 3636 sihioruni

290 3674 428 3742 Sufflavit
458 3677 468 3744 11
505 3676 528 3728 7.
548 3676 565 3731 8
584 3690 613 3728 se
632 3690 747 3745 suosque
765 3674 911 3728 latrociniis
931 3674 969 3740 Sp
1005 3678 1014 3743 11
1050 3672 1248 3742 9complures‚
1272 3672 1300 3724 iu
1318 3670 1359 3723 hi·

289 3762 372 3817 berna
389 3780 558 3819 romanorum
578 3764 622 3833 qui
640 3764 872 3833 comportabantur
891 3763 953 3831 (8111

379 3880 425 3935 te.
446 3882 469 3933 1.
485 3880 501 3933 2
521 3881 653 3950 equitum,
672 3881 717 3951 qui
736 3896 798 3935 cum
817 3896 848 3935 eo
862 3879 1004 3947 hiemaret,
1018 3896 1041 3933 c.
1055 3878 1201 3932 uolusenus
1214 3877 1358 3945 quadratus

288 3968 353 4035 (8111
383 3970 392 4038 1
428 3969 581 4023 3hostium
600 3970 747 4037 equitatum
767 3970 805 4037 So
841 3971 850 4039 11
885 3969 1048 4023 luirlutem
1068 3986 1097 4034 ας
1121 3970 1224 4036 partam
1247 3966 1360 4035 (partam

293 4057 347 4125 Sa)
366 4058 492 4111 uirtutem
511 4058 629 4126 (uirtutis
649 4058 682 4125 S)
702 4059 740 4125 Sp}
775 4061 784 4129 11
819 4058 846 4111 in
865 4074 896 4112 eo
916 4061 973 4112 erat
992 4058 1030 4124 So
1065 4058 1075 4126 11
1109 4055 1252 4111 boommii
1270 4054 1359 4108 odium

292 4147 331 4214 Sp
361 4148 371 4216 11
403 4163 455 4216 quo
469 4148 545 4216 χόας
564 4148 634 4215 quod
652 4147 724 4215 Bne
755 4150 764 4217 11
797 4147 823 4200 id
842 4164 894 4201 om.
916 4148 954 4214 Su
984 4148 993 4216 11
1026 4149 1124 4215 lisepe
1145 4146 1183 4213 So
1218 4145 1227 4213 1
1264 4144 1358 4199 10.11

288 4235 395 4306 longius
413 4236 583 4305 produxisset
596 4237 634 4304 Sp
658 4238 667 4306 11
694 4238 726 4290 11
740 4240 849 4306 repente
862 4254 915 4291 om.
928 4236 1008 4289 BMn
1034 4238 1042 4305 11
1068 4236 1186 4290 ommam
1199 4249 1309 4289 sucrum
1322 4232 1361 4299 Sit
