3134 4859
503 318 611 373 menn
627 319 703 372 viu.
723 291 800 374 one.
817 319 938 374 19-23.
1191 305 1254 367 231

188 481 336 545 omnibus
364 481 517 562 adversis,
546 480 684 565 [cognita
711 481 908 566 calamitate]
937 482 1100 547 interfecto
1131 480 1254 564 Correo,

149 614 174 656 ro
187 589 304 651 amisso
332 590 477 670 equitatu
508 594 541 653 et
567 588 744 651 fortissimis
772 588 946 671 peditibuS,
978 608 1054 653 oum
1082 589 1254 653 adventare

187 694 347 759 Romanos
380 696 609 776 existimarent,
644 696 781 759 coneilio
813 702 942 778 repente
975 702 1071 759 cantu
1104 696 1255 759 tubarum

186 806 362 865 convocato
384 802 595 883 conclamant,
615 801 710 885 legati
732 801 923 885 obsidesque
942 802 981 866 ad
999 802 1166 867 Gaesarem
1184 805 1254 867 mit-

161 913 304 976 mantua.
350 907 422 972 Hoc
445 909 593 972 omnibus
616 907 747 991 probato
776 910 909 972 oonsilio
934 908 1096 973 Commius
1118 910 1255 975 Atrebas
1273 917 1309 970 21

187 1014 227 1077 ad
251 1034 305 1079 eos
329 1016 470 1098 confugit
486 1015 673 1095 Germanos
696 1014 850 1098 aquibus
874 1016 915 1081 ad
937 1016 969 1078 id
992 1015 1111 1079 bellurn
1133 1017 1255 1081 auxilia

187 1126 351 1186 mutuatus
374 1127 448 1186 erat.
487 1124 585 1185 ceteri
608 1141 625 1185 e
648 1123 781 1206 vestigio
805 1124 936 1186 mittunt
959 1123 999 1185 ad
1021 1122 1188 1187 Gaesarem
1210 1124 1282 1189 le·2

186 1234 276 1311 gatos
292 1233 480 1311 petuntque,
504 1235 540 1293 ut
558 1249 597 1293 aa
614 1248 717 1312 poena
735 1231 777 1293 sit
796 1235 964 1293 contentus
980 1230 1134 1312 hostium,
1158 1250 1254 1314 quam

162 1337 306 1402 asisino
335 1335 541 1399 dimicatione
567 1338 684 1400 inferre
711 1338 846 1421 integris
874 1341 993 1420 posset,
1022 1356 1079 1420 pro
1107 1357 1166 1400 sua
1193 1338 1255 1401 ole-

187 1444 306 1505 mentia
328 1448 423 1526 atque
446 1443 644 1508 humanitate
668 1464 845 1526 numquam
871 1444 1009 1527 profecto
1034 1449 1118 1507 esset
1138 1444 1255 1507 inlatu-

187 1569 250 1612 rus.
297 1548 439 1613 adflictas
467 1570 543 1632 opes
574 1552 717 1634 equestri
748 1551 871 1633 proelio
899 1549 1143 1614 Bellovacorum
1171 1570 1283 1631 esse;a

189 1656 382 1719 delectorum
411 1656 555 1739 peditum
582 1658 683 1722 multa
710 1658 800 1720 milia
827 1658 989 1739 interisse,
1017 1658 1075 1721 vix
1099 1659 1255 1741 refugisse

189 1765 318 1827 nuntios
341 1763 454 1827 caedis,
501 1784 655 1847 magnum
682 1770 802 1846 tamen,
830 1770 866 1827 ut
892 1764 929 1827 in
952 1769 1040 1828 tanta
1067 1764 1283 1846 calamitates

149 1893 175 1935 10
188 1869 375 1935 Bellovacos
402 1890 440 1935 eo
468 1871 588 1954 proelio
616 1871 820 1934 commodum
848 1890 917 1935 esso
940 1876 1140 1952 consecutos
1170 1870 1256 1953 quod

189 1974 339 2059 correus,
362 1983 471 2041 auctor
493 1978 581 2059 belli,
605 1978 780 2041 concitator
802 1976 1032 2059 multitudinis,
1056 1982 1139 2041 esset
1158 1978 1255 2039 inter·

187 2084 297 2147 fectus.
343 2104 518 2167 numquam
546 2086 633 2147 enim
660 2088 805 2147 senatum
832 2090 954 2147 tantum
983 2085 1017 2147 in
1044 2085 1171 2147 civitate
1199 2084 1254 2147 illo

160 2192 262 2255 rvivo
288 2197 444 2272 quantum
470 2193 649 2276 imperitam
677 2191 803 2274 plebem
830 2192 978 2273 potuisse.
1025 2190 1114 2255 Haeo
1138 2192 1255 2255 oranti·
1273 2205 1310 2261 aa

187 2296 248 2360 bus
268 2298 381 2380 legatis
402 2303 627 2361 commemorat
639 2297 769 2362 Caesar:
795 2298 908 2362 eodem
927 2303 1068 2382 tempore
1092 2300 1255 2382 superiore

187 2424 271 2468 anno
306 2404 492 2468 Bellovacos
527 2410 711 2487 ceterasque
746 2404 865 2469 Galliae
901 2405 1043 2469 civitates
1079 2406 1255 2489 suscepisse

187 2511 320 2589 bellum3
349 2512 599 2594 pertinacissime
622 2513 679 2575 hos
707 2530 749 2575 ex
772 2512 921 2575 omnibus
949 2513 984 2573 in
1007 2514 1163 2576 sententia
1186 2532 1255 2595 per-

159 2620 340 2683 amansisse
368 2638 473 2701 neque
502 2618 543 2681 ad
570 2620 738 2682 sanitatem
769 2618 967 2702 reliquorum
997 2619 1157 2683 deditione
1186 2638 1255 2683 esse

186 2725 363 2807 perductos.
410 2726 491 2789 seire
515 2732 610 2808 atque
632 2725 818 2808 intellegere
847 2744 881 2789 se
909 2744 1037 2788 causam
1064 2727 1186 2809 peecati
1210 2726 1283 2789 faa

187 2832 304 2895 oillime
332 2834 466 2897 mortuis
494 2833 640 2915 delegari.
687 2832 849 2895 neminem
872 2850 947 2894 vero
975 2836 1099 2895 tantum
1127 2832 1254 2915 pollere,

186 2943 224 3002 nt
250 2940 358 3002 invitis
386 2939 598 3023 principibus,
630 2940 795 3001 resistente
823 2943 948 3018 senatu,
981 2937 1131 3000 omnibus
1164 2937 1255 3002 bonis

184 3045 437 3129 repugnantibus
468 3045 594 3109 infirma
624 3065 724 3109 manu
754 3044 856 3128 plebis
889 3044 1009 3108 bellum
1037 3045 1197 3107 concitare
1225 3051 1256 3109 et

145 3172 297 3237 10g01'ere
323 3158 436 3237 posset.
483 3151 539 3215 sed
566 3157 672 3216 tamen
705 3171 739 3215 se
767 3156 954 3215 contentum
985 3152 1051 3215 tore
1080 3171 1117 3215 ea
1144 3170 1254 3234 poena,

158 3280 284 3343 aquam
307 3260 368 3323 sibi
390 3260 452 3343 ipsi
476 3261 716 3322 contraxissent.
758 3258 789 3321 N
791 3264 859 3323 oete
882 3258 1066 3341 insequenti
1089 3259 1184 3341 legati
1207 3278 1254 3322 re·
1273 3269 1310 3325 23

186 3386 306 3449 sponsa
332 3367 373 3430 ad
395 3386 472 3429 snos
494 3366 649 3447 referunt,
679 3365 805 3429 obsides
834 3365 1014 3428 conficiunt.
1062 3370 1256 3428 concurrunt

185 3474 385 3555 reliquarum
411 3474 576 3536 civitatum
602 3474 712 3556 legati,
742 3492 823 3556 quae
846 3472 1090 3536 Bellovacorum
1113 3472 1255 3555 speoula·

277 3648 417 3717 9oognita
435 3647 583 3702 calamitate
606 3648 657 3702 dcl.
676 3648 777 3701 Fuerat.
815 3650 824 3717 ll
860 3649 990 3702 corbeon
1027 3649 1036 3718 ll
1074 3647 1107 3700 12
1126 3647 1206 3717 legati
1229 3650 1255 3701 et

187 3736 293 3791 obsides
311 3743 329 3803 β
359 3737 369 3804 ll
402 3737 442 3790 12.
464 3738 497 3790 13
517 3738 658 3791 mittuntur
676 3756 699 3807 <p

276 3826 322 3880 21.
344 3828 356 3879 1
377 3826 435 3879 Hoc
454 3826 561 3880 oonsilio
580 3828 702 3880 omnibns
721 3827 829 3895 probato
847 3833 865 3894 β
895 3827 904 3895 ll
937 3827 953 3879 2
971 3843 1017 3880 eos
1035 3843 1175 3895 germanos
1194 3843 1255 3895 per·

186 3915 290 3984 fngitfi
321 3914 330 3984 ll
362 3915 386 3969 2.
406 3917 422 3969 3
441 3934 457 3969 a
475 3915 571 3984 quibus
590 3919 647 3969 erat
664 3918 697 3969 ad
716 3915 817 3969 bellum
836 3915 934 3969 auxilia
952 3917 1125 3983 mutuatnsss
1157 3916 1165 3985 ll
1198 3917 1254 3971 (tl

187 4004 318 4059 inlaturus
336 4007 443 4072 essetss
473 4007 482 4075 11
515 4006 706 4072 ladleetasfl
737 4007 746 4070 ll
778 4005 905 4059 9Tamen
918 4021 1044 4074 magnum
1058 4024 1075 4057 u
1108 4006 1116 4071 ll
1150 4005 1183 4061 10
1197 4021 1255 4059 esse

187 4101 277 4161 onass
307 4093 316 4162 ll
349 4096 381 4147 ll
402 4095 512 4147 oorbeus
532 4112 549 4145 α
581 4095 589 4162 ΙΙ
622 4094 810 4162 conciliatorfl

276 4183 312 4237 22

276 4221 323 4329 28:
343 4274 359 4326 3
378 4273 526 4327 ciuitatium
546 4272 647 4326 ΑΒΜΙι
678 4274 687 4342 fl
720 4289 788 4341 quae
805 4280 834 4341 β;
854 4273 898 4342 qui
918 4273 955 4340 of
