3134 4859
590 1142 922 1227 PRAEFATIO.

284 1426 372 1527 Quae
387 1468 460 1527 ratio
475 1466 553 1527 inter
568 1467 788 1528 vetustissimos
802 1468 880 1528 Belli
892 1468 999 1529 Gallici
1016 1469 1183 1529 Caesariani
1198 1470 1314 1530 codices

193 1558 353 1617 intercedat
380 1555 520 1616 facillime
548 1574 587 1615 ex
610 1557 667 1616 hoc
689 1558 769 1635 quod
792 1558 902 1618 subieci
931 1563 1087 1619 stemmate
1113 1559 1313 1635 cognoscitur:

732 1678 772 1743 X

550 1765 961 1802 μ--Ή--Ἇ

480 1825 667 1925 „J-

872 1807 1005 1926 L

489 1950 509 2006 t
627 1948 652 2010 fr
880 1948 986 2006 πο

453 2014 692 2128 matris
862 2013 1004 2135 tau

283 2180 350 2239 Duo
373 2178 583 2256 distinguendo
605 2199 672 2240 esse
686 2180 828 2240 librorum
844 2179 1126 2257 manuscriptorum
1142 2198 1250 2255 genera
1273 2215 1315 2223 —

195 2286 373 2346 quamquam
400 2286 438 2327 ex
453 2269 624 2329 communi·
641 2270 722 2328 fonte
739 2286 848 2327 omnes
871 2268 953 2327 ducti
976 2273 1047 2328 errat
1075 2303 1116 2311 —
1145 2274 1259 2329 certum
1286 2275 1316 2329 et

194 2357 384 2434 exploratum
407 2360 545 2432 est,'ncc
568 2358 668 2417 minus
691 2362 804 2417 certum
832 2357 939 2417 estad
961 2362 1079 2417 textum
1101 2376 1191 2436 quem
1214 2358 1317 2418 dicunt

194 2446 432 2505 constituendum
455 2452 559 2507 nerrtro
581 2448 688 2506 horum
710 2445 845 2506 codicum
868 2464 976 2522 genere
1002 2464 1057 2506 nos
1085 2464 1173 2523 posse
1201 2465 1313 2524 carere;

193 2534 287 2594 nihilo
310 2536 409 2594 minus
432 2536 515 2595 nulla
537 2537 635 2596 adbuc
654 2540 737 2595 extat
756 2534 847 2594 editio
869 2552 982 2612 exque
1002 2536 1074 2595 satis
1089 2543 1224 2595 accurate
1239 2537 1312 2614 quid

194 2623 321 2699 singulis
350 2624 425 2685 locis
456 2625 489 2683 in
520 2631 645 2703 utroque
677 2624 813 2685 codicum
839 2642 947 2700 genere
975 2625 1120 2701 scripturn
1151 2624 1191 2684 sit
1218 2626 1313 2701 possit

193 2713 338 2789 cognosci.
384 2712 516 2773 Alterius
539 2715 658 2793 quidem
682 2713 800 2789 generis
823 2713 880 2790 (α),
903 2714 982 2790 quod
1004 2713 1165 2790 Nipperdei
1188 2714 1313 2773 auctori·

194 2806 254 2861 tute
276 2798 402 2878 permoti
426 2802 547 2879 plurimi
570 2804 715 2881 optimum
742 2802 792 2861 vel
819 2803 968 2877 integrum
995 2808 1024 2862 et
1051 2803 1257 2862 iudicaverunt
1285 2808 1316 2862 et

194 2890 346 2965 dixerunt,
369 2890 439 2950 libri
462 2892 659 2951 vetustissimi
683 2892 755 2951 satis
779 2910 886 2967 magna
909 2909 980 2951 cura
1002 2897 1032 2950 et
1047 2891 1201 2967 diligentia
1215 2889 1315 2949 collati

195 2985 278 3058 sunt3
302 2980 429 3039 alterum
451 2980 508 3059 (β),
532 2982 581 3041 cui
603 2980 838 3058 interpolationis
862 2986 962 3039 notam
979 2980 1090 3039 inussit
1107 2979 1315 3057 Nipperdeins

195 3074 396 3146 contemptum
419 3088 454 3129 ac
476 3088 570 3146 paene
592 3070 761 3147 neglectum
776 3069 876 3129 iacuit.
922 3070 966 3129 Ac
982 3069 1180 3129 Schneidcrus
1196 3067 1315 3145 quidem

195 3164 225 3217 et
238 3158 304 3235 ipse
313 3158 513 3236 Nipperdeius
530 3160 657 3236 optimos
669 3160 758 3218 huius
770 3159 888 3235 generis
904 3158 1020 3217 codices
1035 3158 1166 3217 nondum
1182 3157 1315 3233 cogrntos

190 3247 374 3324 ‘habuerunt3
398 3247 557 3323 Frigellius
581 3249 694 3325 primns
718 3248 790 3308 satis
806 3248 964 3323 diligenter
986 3252 1016 3305 et
1031 3247 1207 3305 Thrmneum
1222 3247 1261 3325 (a)
1285 3251 1316 3306 ct

194 3336 386 3395 Ursinianum
408 3338 539 3397 codicem
564 3337 605 3413 (b)
628 3336 822 3413 comparavit,
845 3354 948 3394 verum
971 3341 1070 3395 tamen
1093 3354 1153 3394 non
1175 3354 1241 3395 raro
1264 3341 1316 3395 aut

195 3424 328 3483 Thuanei
355 3431 407 3484 aut
433 3426 584 3485 Ursiniani
611 3426 771 3493 lectionem
799 3425 1011 3501 praetermisit3
1041 3424 1199 3485 Dribnerus
1222 3424 1315 3484 multo

194 3514 401 3589 neglegentius
425 3515 543 3573 eosdem
558 3514 694 3573 adhibuit
707 3514 813 3589 libros;
836 3519 924 3590 atque
939 3514 1028 3573 etiam
1043 3512 1191 3574 Holderus
1210 3531 1316 3590 parum

194 3602 352 3679 religiosus
374 3602 433 3661 fuit
460 3603 491 3660 in
515 3602 604 3662 huius
627 3603 744 3679 generis
767 3602 917 3661 codicibus
940 3603 1135 3663 conferendis.
1181 3603 1249 3661 Non
1272 3608 1315 3661 te-

194 3710 273 3751 mere
295 3691 369 3750 haec
390 3710 408 3750 a
431 3710 478 3750 me
501 3691 579 3751 dicta
601 3710 667 3752 esse
695 3698 853 3768 cognoscet
879 3691 931 3768 qui
958 3692 1009 3751 vol
1035 3691 1175 3767 exiguam
1201 3696 1315 3768 partem

194 3780 285 3839 huius
307 3780 445 3840 editionis
468 3798 537 3839 cum
552 3780 698 3856 nigenii,
723 3781 868 3855 Diibueri,
891 3779 1016 3840 Holderi
1036 3780 1215 3840 editionibus
1237 3799 1315 3840 com-

194 3870 348 3945 paraverit.
393 3868 533 3946 Exempli
556 3886 644 3929 arnse
667 3888 863 3929 commemoro
886 3870 1082 3929 inextremis
1107 3871 1147 3929 18
1168 3870 1315 3945 capitibus

194 3958 282 4034 primi
305 3958 374 4017 libri
396 3958 539 4019 lectiones
561 3977 636 4036 quae
658 3959 689 4017 iu
706 3959 844 4018 omuibus
867 3959 957 4019 huius
971 3959 1089 4035 generis
1105 3958 1148 4036 (β)
1164 3958 1315 4018 codicibus

194 4052 299 4105 extant
313 4046 438 4106 omissas
454 4064 520 4107 esse
534 4067 552 4106 a
567 4048 705 4123 l'rigellio
724 4050 773 4121 14,
794 4065 812 4106 e
830 4048 968 4107 Ddbnero
986 4051 1037 4120 66,
1059 4049 1096 4107 ab
1112 4048 1241 4107 Holdero
1257 4049 1314 4124 46;

194 4140 345 4212 praeterea
368 4136 494 4211 singulis
518 4136 666 4197 codicibus
683 4136 823 4196 tribuitur
845 4137 924 4213 quod
939 4138 1076 4197 omnibus
1098 4154 1254 4197 commune
1269 4143 1315 4196 est

193 4224 372 4301 aFrigellio
396 4228 447 4301 43,
471 4245 488 4284 a
511 4226 648 4286 Dilbnero
670 4229 696 4301 7,
720 4227 756 4285 ab
774 4224 905 4284 Holdero
931 4227 970 4284 13
995 4226 1076 4286 locis.
1123 4225 1314 4302 Quapropter,
