3134 4859
519 330 628 385 LIBER
645 330 706 383 VH.
727 331 803 384 CAP.
823 331 945 385 34-36.
1204 316 1265 377 181

199 514 294 581 opqre
322 495 568 578 legionibusque
596 494 750 556 traductis
777 499 809 556 et
835 493 905 555 loco
933 494 1043 555 castris
1070 493 1185 555 idoneo
1214 493 1267 557 de-

197 604 280 666 lecto
304 603 445 683 reliquas
468 602 575 684 copias
598 603 767 665 revocavit.
813 601 1057 683 Vercingetorix
1079 618 1114 662 re
1130 601 1294 682 cognitae

197 728 240 772 ne
268 715 380 771 contra
407 728 499 771 suam
526 709 725 770 voluntatem
753 707 904 770 dimicare
933 710 1112 789 cogeretur,
1141 707 1266 787 magnis

168 816 365 881 ritinen'bus
398 816 571 878 antecessit.
623 813 738 877 Caesar
769 834 812 877 ex
840 833 876 875 eo
904 814 973 875 loco
1003 814 1124 895 quintis
1156 814 1321 883 castrices

197 923 388 1006 Gergoviam
412 923 557 1004 pervenit
580 922 785 1003 equestrique
810 938 846 982 eo
871 920 921 983 die
945 920 1065 1002 proelio
1092 920 1154 982 levi
1177 920 1267 1001 facto,

197 1036 362 1112 perspecto
385 1028 475 1092 urbis
491 1030 569 1107 situ,
593 1046 674 1110 quae
694 1029 797 1109 posita
812 1028 845 1088 in
863 1027 1015 1089 altissimo
1032 1032 1140 1089 monte
1157 1046 1267 1090 omnes

135 1175 137 1178 -
197 1136 303 1198 aditus
327 1134 474 1198 difficiles
502 1134 649 1215 habebat,
678 1134 717 1196 de
741 1134 979 1217 oppugnatione
1009 1133 1198 1216 desperavit,
1228 1134 1267 1195 de

167 1244 383 1307 cobsessione
404 1262 471 1305 non
494 1243 583 1324 prius
606 1241 766 1323 agendum
791 1242 967 1322 constituit,
992 1261 1088 1323 quam
1110 1260 1177 1303 rem
1201 1240 1266 1302 fru-

196 1351 387 1413 mentariam
410 1349 598 1430 expedisset.
645 1354 678 1411 at
699 1346 945 1430 Vercingetorix
966 1348 1075 1409 castris
1098 1366 1195 1430 prope
1212 1367 1293 1430 ope

196 1456 309 1539 pidum
332 1457 367 1517 in
390 1460 497 1518 monte
521 1456 632 1537 positis
656 1453 871 1517 mediocribus
895 1456 1016 1517 circum
1040 1472 1073 1517 se
1089 1454 1267 1517 intervallis

196 1564 367 1645 separatim
390 1562 590 1645 singularum
606 1562 772 1623 civitatum
791 1562 896 1643 copias
913 1561 1146 1641 conlocauerat,
1170 1567 1267 1643 atque

197 1670 348 1732 omnibus
371 1671 441 1732 eius
464 1670 533 1751 iugi
556 1668 691 1731 collibus
714 1669 888 1749 occupatiS,
913 1687 978 1749 qua
1000 1668 1113 1750 dispici
1138 1674 1266 1750 poterat,

154 1797 183 1839 10
196 1777 383 1839 horribilem
406 1778 543 1858 speciem
570 1775 740 1858 praebebat
766 1776 990 1857 principesque
1019 1794 1129 1837 earum
1157 1776 1294 1839 civita-e

196 1889 281 1966 tum,
306 1903 387 1964 quos
410 1883 470 1946 sibi
494 1883 535 1944 ad
558 1883 728 1945 consilium
751 1882 941 1964 capiendum
965 1882 1137 1963 delegerat,
1165 1882 1267 1963 prima

197 1992 269 2053 luce
293 1991 408 2052 cotidie
432 1989 471 2053 ad
495 2008 529 2052 se
553 1990 725 2052 convenire
747 1988 890 2067 iubebat,
914 2007 971 2051 seu
995 1988 1072 2069 quid
1089 1989 1266 2050 communi·

197 2098 338 2160 candum
361 2117 420 2161 seu
443 2097 520 2178 quid
537 2096 828 2159 administrandum
843 2096 1017 2175 videretur,
1042 2114 1147 2177 neque
1164 2095 1293 2158 ulluma

196 2205 262 2268 fere
290 2204 375 2268 diem
398 2203 639 2284 intermittebat,
668 2204 748 2284 quin
777 2203 917 2285 equestri
945 2202 1064 2284 proelio
1093 2203 1265 2265 interiectis

156 2331 182 2371 15
197 2312 367 2394 sagittariis
391 2311 468 2392 quid
491 2312 525 2373 in
550 2330 677 2391 qnoque
701 2315 784 2373 esset
807 2310 906 2371 animi
929 2329 965 2371 ao
984 2310 1110 2372 virtutis
1134 2328 1266 2371 suorum

197 2418 435 2500 periclitaretur.
482 2422 589 2480 erate
612 2418 741 2498 regione
764 2417 874 2499 oppidi
898 2417 987 2479 collis
1011 2416 1069 2479 sub
1090 2418 1167 2499 ipsis
1182 2416 1293 2480 radi-o

197 2525 289 2587 cibus
311 2526 442 2605 montis,
471 2526 598 2606 egregie
620 2525 764 2586 munitus
789 2530 884 2606 atque
908 2543 950 2587 ex
975 2524 1061 2586 omni
1088 2530 1177 2606 parte
1206 2525 1265 2587 cir-

197 2632 372 2708 cumcisus;
399 2650 493 2712 quem
517 2631 545 2693 si
569 2636 713 2694 tenerent
736 2632 849 2712 nostri,
874 2634 905 2691 et
928 2650 1030 2713 aquae
1046 2650 1161 2712 magna
1177 2636 1266 2713 parte

197 2744 229 2800 et
251 2738 455 2820 pabulatione
479 2736 579 2799 libera
606 2736 797 2819 prohibituri
825 2737 931 2799 hostes
959 2737 1158 2800 videbantur.
1209 2738 1293 2799 sede

155 2846 226 2908 acis
248 2846 338 2907 locus
361 2845 519 2927 praesidio
549 2844 587 2906 ab
612 2844 661 2906 his
689 2863 755 2905 non
781 2844 909 2905 infirmo
938 2843 1112 2906 tenebatur.
1159 2849 1293 2907 tament

197 2952 324 3014 silentio
348 2952 450 3014 noctis
474 2950 590 3013 Cacsar
607 2970 650 3014 ex
665 2953 775 3013 castris
792 2970 951 3033 egressus,
974 2951 1063 3032 prius
1080 2970 1176 3031 quam
1191 2949 1265 3011 sub-

195 3059 281 3121 sidio
315 3078 357 3121 ex
385 3058 500 3141 oppido
529 3059 632 3120 veniri
659 3064 778 3141 posset,
808 3057 928 3119 deiecto
957 3057 1113 3139 praesidio
1146 3058 1266 3139 potitus

196 3166 267 3229 loco
292 3166 371 3227 duas
393 3165 439 3227 ibi
462 3165 603 3247 legiones
619 3165 799 3227 conlocarit
813 3164 994 3245 fossamque
1012 3163 1170 3247 duplicem
1188 3163 1265 3226 duo-

197 3272 317 3334 denum
340 3272 458 3354 pedum
481 3291 500 3332 a
522 3271 698 3333 maioribus
722 3271 832 3334 castris
849 3271 888 3332 ad
904 3272 1029 3332 minora
1044 3266 1205 3353 perduxit,
1229 3276 1265 3333 ut

155 3396 183 3437 25
197 3384 264 3441 tuto
289 3378 327 3441 ab
351 3380 518 3461 repentino
535 3379 674 3440 hostiurn
693 3380 828 3440 incursu
843 3378 937 3439 etiam
954 3378 1072 3460 singuli
1089 3396 1265 3440 commeare

195 3492 332 3568 possent.

286 3680 349 3733 16t
337 3679 466 3732 traductis
485 3696 538 3731 om.
558 3698 576 3729 α

284 3768 331 3823 66.
355 3769 380 3821 4.
400 3770 416 3821 5
441 3770 474 3821 do
496 3769 690 3836 expugnatione
713 3784 765 3821 non
788 3768 861 3836 prius
885 3768 960 3835 ag(
961 3767 1056 3820 omiss.
1080 3767 1233 3835 medicale
1184 3766 1265 3838 lli

196 3858 252 3909 ‘lm
264 3862 419 3911 moneam
434 3877 452 3908 α
478 3858 487 3925 d
509 3857 638 3911 Scrmta
619 3861 687 3910 mm
699 3857 759 3910 ΒΜ
781 3858 789 3925 tt
816 3857 986 3925 9dispiciS;
999 3854 1084 3910 Paul·
1079 3857 1241 3925 ,despiciX
1257 3856 1265 3928 11

197 3947 237 4001 10.
259 3948 290 3999 11
311 3946 450 4001 ciuitatum
470 3946 558 4013 SQ²p3
577 3946 725 3999 ciuitatium
744 3966 762 3997 α
786 3948 794 4015 ll
819 3950 850 3999 ll
871 3947 1026 4014 capiendum
1046 3946 1184 4000 consilium
1203 3964 1238 4016 qn
1257 3945 1265 4017 ΙΙ

196 4036 230 4089 12
248 4036 344 4089 cotidie
363 4042 452 4102 emp
483 4042 492 4103 tt
523 4036 631 4089 iubebat
650 4036 823 4101 conueniret
854 4041 863 4104 11
897 4038 929 4089 16
949 4035 1143 4104 periclitaretur
1157 4042 1186 4103 β;
1205 4052 1264 4104 per·

194 4126 341 4193 spiceretur
354 4144 384 4191 a;
402 4126 565 4193 perspiceret
583 4125 614 4177 α2
640 4128 648 4193 tl
678 4125 710 4179 18
729 4142 799 4193 aqua
817 4142 940 4193 magnam
959 4129 1061 4193 partem
1079 4125 1168 4179 Clark.
1196 4128 1204 4195 11
1231 4126 1265 4180 20

194 4214 264 4267 iisd
299 4219 309 4281 ΙΙ
344 4214 450 4277 ,infirmo
472 4214 589 4281 Zuoker3
612 4214 691 4267 nimis
716 4215 815 4282 (minus
838 4214 884 4283 13¹)
907 4215 984 4267 firmo
1006 4214 1037 4266 X
1069 4216 1078 4283 ll
1116 4215 1150 4266 22
1173 4215 1265 4267 uenire

195 4307 338 4371 possentpt
