3134 4859
540 313 648 367 LIBER
666 312 699 366 V.
720 313 796 367 CAP.
816 313 916 367 9—12.
1202 298 1264 359 105

196 476 307 559 nibuS,
336 494 420 558 quae
448 478 512 539 sint
537 476 625 559 apud
652 495 739 559 eum,
766 496 865 540 nares
892 477 1047 540 instituat.
1098 477 1177 559 ipse,
1207 478 1293 542 etsie

153 602 248 650 rores
271 588 339 647 erat
361 584 480 647 multae
499 602 613 666 operae
632 603 669 647 ac
686 584 818 666 laboris,
843 588 948 647 tamen
972 584 1265 647 commodissimum

197 710 267 755 esse
290 692 401 753 statuit
423 710 534 754 omnes
556 710 655 754 naves
678 690 814 753 subduci
838 697 962 755 etcum
982 692 1092 755 castris
1115 710 1179 753 una
1196 710 1265 753 mu-

196 799 320 860 nitione
344 797 503 880 coniungi.
549 799 585 860 in
611 798 662 860 his
684 797 781 861 rebus
805 799 931 861 circiter
955 797 1021 860 dies
1044 796 1078 860 X
1106 798 1293 861 consumite

197 924 240 969 ne
259 906 426 967 nocturnis
444 904 573 985 quidem
587 904 784 987 temporibus
803 904 843 967 ad
857 904 999 968 laborem
1016 904 1154 967 militum
1168 906 1264 967 inter·

197 1013 312 1075 missis.
360 1011 525 1075 subductis
543 1012 680 1075 navibus
698 1013 875 1094 castrisque
899 1012 1024 1094 egregie
1044 1012 1176 1075 munitis
1199 1030 1293 1077 eas-r

151 1142 184 1185 15
198 1118 271 1181 dem
296 1120 417 1201 copias,
441 1138 521 1201 quas
545 1125 632 1199 ante,
655 1119 814 1201 praesidio
838 1117 975 1181 navibus
1003 1118 1171 1199 relinquit,
1199 1119 1266 1200 ipse

198 1226 326 1308 eodem,
361 1225 447 1289 unde
477 1225 628 1306 redierat,
664 1224 883 1309 proficiscitur.
939 1244 977 1289 eo
1015 1244 1088 1289 eum
1120 1226 1294 1305 venisset,a

198 1334 336 1397 maiores
358 1334 422 1395 iam
447 1332 589 1414 undique
615 1334 651 1395 iu
678 1352 752 1395 eum
776 1332 883 1395 locum
907 1334 1015 1414 copiae
1038 1330 1267 1395 Britannorum

198 1445 416 1503 convenerant
443 1459 568 1503 summa
590 1441 715 1521 imperii
742 1439 882 1520 bellique
911 1438 1155 1503 administrandi
1182 1457 1267 1501 conr-

198 1548 290 1609 muni
313 1545 447 1609 consilio
470 1548 625 1629 permissa
648 1544 900 1622 CassivellaunO,
924 1546 1016 1609 cuius
1039 1546 1118 1609 fines
1137 1566 1155 1609 a
1173 1546 1267 1609 mari-

150 1674 186 1717 20
199 1654 285 1716 timis
309 1653 490 1717 civitatibus
513 1653 635 1717 flumen
659 1654 787 1735 dividit,
812 1654 898 1735 quod
922 1653 1098 1736 appellatur
1120 1654 1268 1734 Tamesis,

199 1780 218 1822 a
249 1760 331 1823 mari
358 1761 484 1823 circiter
511 1760 601 1823 milia
627 1780 780 1843 passuum
808 1760 943 1823 LXXX.
995 1760 1071 1823 huic
1104 1761 1296 1843 superiores

198 1873 342 1949 ternpore
369 1887 443 1930 cum
464 1867 599 1949 reliquis
627 1867 810 1931 civitatibus
839 1868 1034 1931 continentia
1062 1866 1145 1929 bella
1171 1868 1268 1929 inter-

198 1979 376 2054 cesserant3
401 1973 456 2037 sed
479 1980 587 2038 nostro
611 1975 751 2038 adventu
774 1975 910 2058 permoti
930 1973 1077 2038 Britanni
1101 1974 1187 2037 hunc
1211 1974 1268 2036 toti

198 2081 284 2145 bello
309 2081 508 2164 imperioque
530 2081 755 2164 praefecerant.

167 2211 183 2251 1
290 2188 476 2253 Britanniae
499 2208 572 2271 pars
594 2189 728 2253 interior
755 2189 794 2252 ab
817 2190 858 2251 iis
881 2188 1045 2269 incolitur,
1075 2206 1155 2269 quos
1178 2192 1269 2250 natos
1288 2196 1324 2249 12

197 2294 365 2357 ininsula
391 2296 462 2378 ipsa
487 2296 642 2359 memoria
669 2295 831 2378 proditum
859 2295 984 2375 dicunt,
1012 2296 1171 2357 maritima
1197 2310 1296 2377 persa

198 2401 241 2465 ab
267 2403 321 2484 iis,
355 2403 411 2485 qui
439 2403 575 2485 praedae
608 2421 645 2465 ac
672 2401 748 2466 belli
777 2401 935 2467 inferendi
964 2422 1060 2465 causa
1088 2420 1129 2465 ex
1157 2400 1269 2484 Belgio

198 2509 397 2573 transierunt
420 2546 461 2557 -—
486 2510 545 2591 qui
564 2528 675 2573 omnes
698 2508 763 2572 fere
780 2509 883 2571 isdem
904 2508 1087 2572 nominibus
1106 2510 1269 2571 civitatum

167 2615 413 2698 cappellantur,
437 2616 554 2697 quibus
577 2616 639 2679 orti
663 2634 704 2679 ex
728 2614 910 2679 civitatibus
934 2634 971 2679 eo
993 2621 1209 2698 pervenerunt
1229 2652 1270 2663 -

200 2729 235 2786 et
257 2721 340 2785 bello
362 2723 461 2787 inlato
484 2722 532 2785 ibi
553 2729 777 2787 remanserunt
799 2728 896 2805 atque
919 2742 1011 2806 agros
1035 2722 1138 2787 colere
1162 2742 1271 2805 coepe-

199 2835 287 2893 runt.
332 2830 499 2893 hominum
521 2835 569 2893 est
584 2828 710 2893 infinita
723 2829 897 2893 multitudo
914 2828 1169 2910 creberrimaque
1185 2829 1270 2891 aedi·
1285 2846 1300 2887 e

144 2928 150 2933 ’
198 2936 276 2999 ficia
307 2936 371 3001 lere
398 2935 530 3000 Gallicis
562 2937 754 3017 consimilia,
786 2937 909 3020 pecoris
941 2955 1076 3018 magnus
1108 2954 1270 2998 numerus.

146 3090 149 3094 >
199 3047 340 3105 utuntur
364 3042 430 3127 [aut
453 3042 538 3127 aere]
562 3049 616 3106 aut
639 3063 771 3106 nummo
788 3062 884 3107 aureo
909 3049 963 3105 aut
986 3043 1077 3106 taleis
1099 3043 1208 3107 ferreis
1232 3042 1300 3105 adr

150 3171 185 3213 ro
201 3154 328 3213 certum
365 3150 490 3233 pondus
527 3151 718 3215 examinatis
754 3170 811 3235 pro
847 3168 986 3213 nummo.
1045 3152 1188 3213 nascitur
1225 3148 1300 3211 ibic

294 3398 384 3451 9sint
401 3398 510 3465 Molee
529 3401 592 3451 sunt
609 3399 640 3452 X
669 3401 677 3467 ll
711 3400 743 3453 15
763 3414 829 3467 quas
848 3416 877 3465 ας
897 3404 1001 3466 quaest
1033 3400 1041 3462 ll
1073 3397 1194 3466 nauibus]
1215 3398 1273 3450 lue-

200 3487 264 3540 rant
282 3487 381 3554 arluc
412 3488 420 3555 ll
451 3487 578 3556 relinquit
594 3495 624 3555 fl,
643 3487 750 3556 reliquit
768 3506 806 3541 aa
831 3490 840 3556 ll
868 3488 899 3540 17
919 3487 973 3540 ianr
992 3493 1081 3553 onapt
1112 3486 1120 3555 ll
1154 3486 1186 3541 19
1206 3486 1273 3539 easi-

201 3574 329 3629 uellauno
348 3596 366 3627 a
399 3578 408 3646 ll
440 3576 472 3629 21
493 3593 509 3630 a
527 3576 593 3630 mari
613 3576 717 3630 circiter
735 3576 808 3630 milia
825 3592 953 3645 passuum
972 3574 1079 3629 LXXX
1098 3574 1147 3627 del.
1168 3574 1227 3627 HM

299 3683 364 3751 Cap.
384 3683 495 3737 12-14
518 3683 649 3737 Caesaris
668 3701 725 3737 esee
743 3689 824 3753 nepot
850 3683 922 3737 ch.

295 3790 539 3856 12.1inreriorp
570 3792 579 3859 ll
614 3790 647 3843 iis
667 3790 709 3856 ul,
732 3789 809 3856 hisp
845 3792 853 3857 ll
891 3789 982 3858 2ipsa
1001 3806 1031 3856 a3
1054 3789 1106 3858 ipsi
1124 3789 1182 3843 rell.
1216 3790 1224 3857 ll
1257 3792 1274 3845 3

202 3879 283 3947 liisfi
314 3879 323 3946 ll
354 3895 386 3933 ao
404 3879 466 3933 belli
483 3879 614 3933 inferendi
633 3880 682 3933 dcl.
702 3878 791 3948 Apita
822 3880 831 3945 ll
862 3879 1057 3932 ttransierant
1076 3898 1094 3929 e
1128 3881 1136 3948 ll
1173 3878 1273 3933 eisdem

203 3968 292 4035 Paul3
311 3968 344 4021 iis
364 3986 395 4036 c;
413 3969 490 4036 hisp
521 3970 529 4036 11
562 3968 745 4038 ciuitatiump
777 3973 786 4035 ΙΙ
817 3969 1051 4036 6pennanserunt
1071 3988 1088 4019 n
1121 3970 1129 4032 ll
1161 3968 1274 4022 8Peoo-

204 4073 264 4111 rum
285 4077 303 4109 u
334 4058 344 4126 ll
375 4074 488 4127 magnus
507 4074 636 4111 numerus
656 4077 686 4125 c;
704 4073 833 4111 numerus
851 4058 978 4126 ingensss
1009 4060 1018 4126 'ql
1050 4058 1132 4111 aaut
1149 4074 1210 4111 aere
1223 4057 1273 4109 dcl.

207 4146 402 4200 TbMommren
432 4152 441 4215 u
476 4164 557 4203 aureo
576 4166 608 4215 a,
630 4154 741 4213 aereofl
777 4147 786 4215 ll
822 4146 899 4201 taleis
918 4166 952 4214 713
976 4146 1034 4200 aliis
1054 4166 1087 4217 ae
1124 4148 1132 4210 l
1171 4146 1204 4200 10
1227 4160 1275 4213 pro

205 4252 314 4291 nummo
333 4244 422 4304 emp
