3134 4859
509 318 656 371 LIBERI.
677 318 752 372 oAP.
773 318 895 372 37-39.
1192 305 1233 365 25

164 500 229 563 que
254 480 424 545 itineribus
453 480 619 545 contendit
650 486 867 563 occupatoque
896 482 1011 563 oppido
1043 482 1090 544 ibi
1116 484 1234 564 praesi-

164 568 254 652 dium
278 588 430 651 conlocat.
1216 660 1218 665 ,

135 720 147 760 1
250 694 337 759 Dum
365 714 486 777 paucos
514 694 581 757 dies
610 694 650 757 ad
676 694 907 758 Vesontionem
935 696 981 757 rei
1008 696 1233 759 frumentariae
1251 702 1288 757 39

163 808 423 884 commeatusque
444 821 541 863 causa
556 807 708 884 moratur,
732 820 773 864 ex
788 803 1028 884 percontatione
1050 808 1234 865 nostrornm

163 909 361 990 vocibusque
387 908 551 972 Gallorum
575 928 612 971 ac
634 913 860 991 mercatorum,
886 910 943 991 qni
964 910 1089 991 ingenti
1111 911 1234 992 magni-

163 1016 277 1079 tudine
301 1034 469 1097 corporum
488 1014 675 1091 Germanae,
698 1014 881 1079 incredibili
897 1016 1016 1078 virtute
1031 1021 1127 1098 atque
1144 1035 1234 1079 exer-

135 1124 312 1187 scitatione
335 1122 370 1183 in
389 1121 485 1184 armis
505 1140 572 1185 esse
588 1120 828 1203 praedicabant,
845 1158 885 1166 —-
904 1140 1148 1204 saepenumero
1164 1142 1232 1186 sese

163 1248 237 1292 cum
260 1230 309 1292 his
333 1247 517 1311 congressos
540 1248 581 1292 ne
597 1228 723 1291 vultum
745 1227 987 1310 quidem·atque
1007 1229 1110 1292 aciem
1126 1231 1233 1293 oculo·
1264 1303 1266 1306 ¹

159 1354 235 1398 rum
253 1327 399 1400 dicebant
413 1336 494 1399 ferre
511 1336 666 1417 potuisse,
683 1372 725 1381 -
749 1340 858 1398 tantus
873 1335 978 1399 subite
995 1337 1090 1399 timor
1105 1356 1233 1400 omnem

163 1444 339 1507 exercitum
362 1444 542 1525 occupavit,
569 1448 691 1505 utnon
716 1441 919 1505 mediocriter
942 1445 1086 1506 omnium
1107 1450 1233 1508 mentes

162 1551 348 1629 animosque
371 1547 578 1631 perturbaret.
624 1549 676 1611 hio
698 1550 839 1632 primum
868 1555 955 1612 crtus
983 1556 1031 1613 est
1053 1570 1073 1611 a
1094 1551 1260 1614 tribunisa

120 1677 147 1719 10
161 1656 313 1737 militum,
345 1656 512 1739 praefectis
544 1656 757 1737 reliquisque,
796 1658 853 1737 qui
884 1676 928 1719 ex
960 1656 1038 1719 urbe
1073 1658 1232 1722 amicitiae

161 1782 257 1826 causa
280 1762 447 1826 Caesarem
472 1764 574 1826 secuti
597 1782 661 1826 non
685 1782 839 1846 magnum
867 1765 901 1825 in
924 1782 959 1826 re
982 1764 1114 1827 militari
1136 1785 1232 1827 usum

80 1864 90 1887 ⁶
161 1852 332 1933 habebant:
363 1890 501 1952 quorum
528 1870 610 1933 alius
639 1870 701 1932 alia
725 1889 822 1933 causa
844 1870 956 1952 inlata,
986 1891 1090 1953 quam·
1106 1871 1166 1935 sibi
1192 1872 1260 1935 ada

160 1975 427 2059 proficiscendum
450 1978 660 2040 necessariam
685 1996 754 2041 esse
778 1977 912 2058 diceret,
935 1978 1075 2061 petebat,
1103 1982 1140 2040 ut
1162 1980 1232 2041 eius

160 2084 324 2147 voluntate
349 2084 512 2147 discedere
536 2083 659 2162 liceret,
684 2088 750 2147 non
772 2084 857 2147 nulli
879 2085 1002 2167 pudore
1025 2086 1168 2168 adducti,
1196 2093 1233 2149 ut

120 2210 146 2251 re
161 2191 284 2254 timoris
308 2191 523 2273 suspicionem
546 2191 695 2272 vitarent,
719 2190 936 2255 remanebant
982 2192 1016 2253 hi
1039 2212 1145 2275 neque
1160 2194 1258 2256 vul-4

160 2301 228 2359 tum
260 2295 381 2381 fingere
412 2315 518 2378 neque
548 2296 718 2361 interdum
754 2298 902 2361 lacrimas
933 2304 1042 2363 tenere
1070 2305 1229 2381 poterant:

161 2403 259 2466 abditi
287 2405 322 2465 in
349 2402 562 2467 tabernaculis
591 2408 645 2466 aut
673 2424 768 2467 suum
800 2406 902 2468 fatum
929 2405 1146 2486 querebantur
1177 2413 1231 2470 aut

160 2530 233 2573 cnm
256 2510 468 2573 familiaribus
497 2512 563 2575 suis
592 2531 761 2575 commune
784 2512 965 2595 periculum
987 2512 1229 2576 miserabantur.

161 2616 268 2701 [vulgo
292 2619 367 2681 totis
388 2618 499 2681 castris
519 2623 709 2683 testamenta
725 2619 998 2703 obsignabantur]
1044 2621 1159 2683 horum
1175 2640 1257 2683 voss

119 2742 146 2783 20
160 2724 251 2788 cibus
275 2744 311 2787 ac
334 2726 447 2789 timore
470 2725 625 2807 paulatim
649 2727 744 2788 etiarn
767 2726 793 2788 ii
817 2728 1041 2809 quimagnum
1063 2728 1230 2791 incastris

159 2851 254 2895 usum
285 2831 443 2895 habebant
470 2832 589 2896 milites
622 2834 889 2913 centurionesque
923 2834 1044 2915 quique
1072 2835 1230 2914 equitatui

159 2944 326 3021 praeerant
352 2938 629 3021 perturbabantur.
676 2940 733 3022 qui
762 2959 795 3003 se
824 2959 866 3003 ex
892 2940 944 3002 his
970 2941 1078 3003 minus
1100 2924 1257 3003 timidose

160 3046 336 3108 existimari
359 3044 521 3125 volebant,
549 3063 614 3109 non
637 3064 672 3109 se
695 3046 818 3109 bostem
842 3048 958 3128 vereri,
986 3046 1042 3109 sed
1066 3048 1229 3129 angustias

158 3154 282 3215 itineris
298 3158 328 3215 et
344 3152 597 3235 magnitudinem
613 3153 778 3231 silvarum,
797 3171 878 3233 quae
894 3153 1128 3216 intercederent
1145 3154 1230 3216 inter

119 3276 145 3319 25
158 3260 244 3343 ipsos
273 3264 367 3341 atque
390 3260 602 3341 Ariovistum,
631 3264 687 3321 aut
714 3277 781 3321 rem
808 3258 1063 3338 frumentariam,
1091 3264 1127 3322 ut
1154 3261 1229 3323 satis

159 3366 326 3429 commode
356 3367 536 3449 supportari
568 3370 686 3448 posset,
720 3367 832 3429 timere
857 3366 1012 3428 dicebant
1058 3384 1125 3429 non
1146 3367 1256 3429 nnllir

160 3473 256 3535 etiam
290 3472 418 3536 Caesari
452 3472 654 3550 nuntiabant,
688 3490 762 3534 cum
796 3477 898 3535 castra
920 3474 1043 3536 moveri
1075 3493 1111 3537 ao
1139 3474 1230 3557 signa

180 3656 182 3659 ¹
247 3664 642 3732 39.1Duma;cun113²,e
677 3664 686 3737 ΗΗ
723 3666 910 3732 9aal;abss
946 3666 954 3737 ΗΗ
992 3669 1023 3720 11
1038 3683 1228 3737 nonmagnum

158 3755 222 3821 MS,
242 3772 369 3824 magnum
392 3755 541 3823 periculum
564 3756 768 3823 miserabantur,
794 3756 865 3823 quod
887 3772 940 3808 non
963 3773 1088 3825 magnum
1102 3764 1151 3826 χβ;
1176 3774 1227 3811 non

157 3862 285 3915 magnum
313 3844 461 3913 periculum
490 3844 682 3898 miserabantur
709 3843 751 3897 B¹
788 3843 796 3916 ΗΗ
834 3845 867 3898 18
898 3846 1092 3899 miserebantur
1118 3846 1184 3898 Ala
1220 3845 1228 3917 Η

159 3920 193 3989 19
207 3934 286 4003 vulgo
360 3934 564 4001 obsignabantur
577 3933 627 3986 aar.
643 3933 717 3986 ran
753 3931 772 4005 Η
799 3933 834 3987 ro
851 3933 869 3985 a
883 3934 923 3986 aa.
938 3935 965 4000 13
984 3934 1012 3986 n
1031 3934 1061 3987 X
1086 3933 1094 4005 Η
1125 3936 1157 3987 21
1170 3935 1227 4003 qur-

158 4040 209 4093 que
227 4022 297 4090 Bu,
316 4026 347 4076 ut
367 4024 478 4091 quisque
499 4042 515 4073 a
553 4020 561 4093 ΗΗ
599 4022 760 4089 restem,
780 4040 832 4075 om.
853 4043 870 4074 α
908 4022 915 4094 ΗΗ
953 4024 994 4076 24.
1015 4017 1227 4092 ‘25quae'inter-

158 4114 282 4166 cederent
304 4112 374 4165 inter
392 4112 463 4179 ipsos
482 4116 562 4180 atque
585 4112 740 4165 arionistum
765 4130 795 4178 a,
819 4128 886 4181 quae
908 4113 979 4165 inter
997 4128 1042 4165 eos
1061 4115 1140 4180 atque
1159 4113 1227 4166 ario-

158 4202 258 4254 uistum
269 4199 534 4271 intercederentB²pl
570 4198 578 4271 ΗΗ
616 4200 648 4254 27
669 4201 827 4254 nuntiabant
844 4202 883 4254 ed.
903 4202 931 4268 13
950 4201 1137 4255 renuntiabant
1154 4201 1227 4267 B²ss3

158 4289 311 4343 nuntiarant
330 4309 347 4340 u
