3134 4859
527 283 634 337 LIBER
651 284 712 337 VII.
733 282 809 336 CAP.
830 285 948 338 37-39.
1208 271 1270 333 183

201 451 397 529 quaegesta
420 446 744 529 suntpronuntiare'
792 448 1015 529 producuntur
1042 447 1079 529 ii,
1109 468 1189 531 quos
1215 448 1297 515 illel

160 577 187 619 1o
201 554 384 634 edocuerat,
408 571 489 633 quac
513 553 576 616 dici
598 553 707 634 vellet,
731 559 827 635 atque
846 554 970 635 eadem,
994 572 1075 635 quae
1090 553 1269 618 Litaviccus

198 661 470 744 pronuntiaverat,
493 660 691 723 multitudini
714 668 894 743 exponunt:
921 678 1030 723 omnes
1046 662 1170 743 equites
1185 660 1296 729 Hae-e

201 768 338 831 ducrum
366 767 561 849 interfectoS,
594 768 680 848 quod
707 768 868 831 conlocuti
901 786 974 829 cum
1001 768 1156 831 Arvernis
1185 768 1269 831 dice-

199 880 325 954 rentur,
358 876 444 956 ipsos
476 893 510 937 se
544 875 629 936 inter
656 874 895 937 multitudinem
922 874 1062 937 militum
1091 874 1267 938 occultasse

199 986 295 1062 atque
323 1000 364 1043 ex
391 980 496 1043 media
523 981 620 1044 caede
647 981 803 1065 effugisse.
850 982 1050 1044 conclamant
1082 980 1211 1043 Haedui
1239 986 1295 1049 etc

158 1109 184 1149 15
198 1087 397 1151 Litaviccum
413 1087 586 1169 obsecrant
601 1093 638 1150 ut
652 1086 713 1150 eibi
729 1088 881 1151 consulat.
920 1089 1025 1169 ‘quasi
1041 1088 1139 1170 vero',
1162 1089 1295 1171 inquitr

198 1195 265 1276 illo,
294 1194 432 1257 ‘consilii
455 1195 497 1257 sit
518 1213 570 1257 res
593 1213 629 1256 ac
652 1214 715 1256 non
740 1213 870 1259 necesse
895 1195 937 1257 sit
961 1194 1053 1258 nobis
1077 1194 1266 1277 Gergoviam

198 1302 392 1365 contendere
415 1306 448 1364 ct
470 1320 543 1363 cum
561 1302 713 1365 Arvernis
733 1306 858 1365 nosmet
873 1303 1076 1385 coniungere.
1117 1322 1154 1364 an
1175 1301 1295 1367 dubi-s

198 1414 314 1490 tamus,
338 1409 416 1489 quin
440 1408 561 1471 nefario
584 1407 723 1471 facinore
746 1407 885 1471 admisso
908 1409 1044 1472 Romani
1068 1410 1131 1471 iarn
1153 1409 1192 1472 ad
1208 1428 1268 1471 nos

197 1515 436 1580 interficiendos
456 1516 668 1578 concurrant?
692 1516 838 1597 proinde,
862 1517 888 1579 si
905 1517 984 1599 quid
999 1517 1033 1579 in
1057 1516 1150 1579 nobis
1167 1516 1268 1578 animi

157 1641 184 1683 ao
198 1628 259 1706 est,
281 1641 512 1705 persequamur
535 1640 646 1683 eorum
668 1627 816 1704 mortem,
841 1623 897 1703 qui
920 1623 1141 1705 indignissime
1169 1625 1267 1686 inter-

196 1731 305 1793 ierunt
336 1735 432 1810 atque
463 1729 520 1791 hos
552 1728 692 1792 latrones
718 1728 967 1791 interficiamus)
1015 1731 1153 1792 ostendit
1181 1732 1293 1793 circeo

196 1837 371 1918 Romanos,
396 1838 452 1916 qui
475 1836 544 1899 cius
566 1836 716 1919 praesidii
739 1834 859 1898 fiducia
881 1856 945 1898 una
969 1840 1067 1899 erant.
1114 1837 1265 1923 continno

196 1962 350 2027 magnum
372 1962 542 2007 numerum
565 1943 716 2005 frumenti
740 1949 1000 2024 commeatusque
1031 1944 1151 2026 diripit,
1179 1944 1265 2025 ipsos

197 2051 369 2114 crudeliter
391 2050 590 2113 excruciatos
612 2048 770 2112 interficit.
809 2051 939 2112 nuntios
955 2055 1021 2113 tota
1037 2050 1165 2117 civitate
1181 2050 1266 2113 Hae·
1280 2072 1306 2114 ro

155 2174 182 2217 ar>
197 2158 335 2220 duorum
363 2157 506 2238 dimittit,
535 2157 647 2219 eodem
673 2156 841 2218 mendacio
870 2156 909 2219 de
937 2156 1032 2220 caede
1062 2157 1206 2238 equitum
1235 2161 1266 2220 et

196 2265 379 2347 principum
394 2268 569 2346 permovet,
595 2264 751 2343 hortatur,
775 2267 810 2325 ut
828 2263 924 2325 simili
940 2264 1071 2345 ratione,
1088 2268 1183 2345 atque
1198 2265 1265 2346 ipse

168 2371 319 2452 riccerit,
342 2390 417 2434 suas
440 2371 574 2432 iniurias
596 2374 836 2453 persequantur.
883 2370 1080 2453 Eporedorix
1099 2370 1264 2448 Haeduae,
1283 2385 1320 2441 39

196 2497 321 2541 summo
344 2479 415 2540 loco
437 2482 531 2539 natus
554 2476 742 2540 adulescens
766 2482 798 2540 et
821 2496 962 2540 summac
987 2477 1074 2540 domi
1097 2478 1265 2560 potentiae,

196 2591 228 2648 ot
258 2604 324 2647 una
350 2584 585 2666 Viridomarus,
616 2586 685 2666 pari
718 2588 821 2647 aetate
854 2589 885 2647 et
917 2586 1031 2667 gratia,
1064 2584 1119 2647 sed
1148 2604 1265 2668 genere

197 2692 328 2775 dispari,
353 2710 448 2772 quem
464 2689 578 2753 Cacsar
600 2690 639 2752 ab
655 2690 820 2754 Diviciaco
838 2690 899 2753 sibi
923 2692 1078 2754 traditum
1094 2710 1136 2754 cx
1152 2692 1266 2754 humili

168 2799 266 2861 eloco
291 2799 330 2860 ad
354 2817 511 2861 summam
535 2797 721 2879 dignitatem
744 2798 950 2880 perduxerat,
978 2799 1013 2859 in
1037 2798 1182 2879 equitum
1205 2817 1264 2859 nu-

195 2924 283 2968 mero
316 2909 530 2968 convenerant
561 2905 751 2967 nominatim
784 2904 823 2967 ab
857 2924 893 2967 eo
928 2905 1059 2967 evocati.
1114 2904 1165 2965 nis
1198 2909 1291 2970 erata

195 3013 279 3075 inter
301 3031 335 3075 sc
359 3011 399 3074 de
420 3012 602 3093 principatu
626 3012 800 3093 contentio,
830 3017 861 3075 et
887 3012 921 3090 in
945 3011 1000 3073 illa
1022 3011 1265 3093 magistratuum

195 3119 412 3181 controversia
435 3118 514 3181 alter
536 3138 593 3201 pro
610 3118 876 3199 Convictolitave,
900 3118 980 3181 alter
1001 3137 1058 3200 pro
1076 3116 1154 3180 Coto
1179 3136 1264 3179 sum-

195 3227 256 3288 mis
280 3225 394 3308 opibus
416 3231 642 3308 pugnaverant.
689 3245 731 3289 cx
747 3226 798 3288 his
818 3224 1018 3309 Eporedorix
1035 3226 1162 3307 cognito
1179 3224 1291 3291 Litas

284 3490 393 3558 9fiA3
411 3491 439 3543 hi
459 3497 498 3560 φβ
529 3492 537 3560 11
571 3491 604 3545 10
622 3490 757 3544 littauicus
777 3490 816 3557 Sf
843 3491 850 3559 11
884 3493 915 3543 11
937 3506 1028 3545 omnes
1046 3497 1075 3558 fl,
1100 3489 1196 3544 mullos
1217 3510 1233 3542 a
1253 3489 1261 3561 11

196 3580 229 3631 14
248 3580 372 3648 effugisse
390 3579 477 3646 Paal3
500 3580 599 3647 fugisse
618 3580 648 3631 X
681 3580 690 3648 11
728 3582 761 3634 15
779 3579 948 3633 lictauiccum
967 3597 999 3649 χ;
1022 3578 1159 3633 litauicum
1180 3579 1235 3648 S(f)
1254 3577 1263 3650 11

196 3668 236 3720 19.
257 3668 292 3723 20
311 3669 333 3721 si
352 3668 415 3737 quid
434 3671 476 3721 est
492 3669 521 3721 in
538 3668 614 3721 nobis
632 3669 749 3735 animia
780 3669 788 3736 11
822 3669 856 3722 22
869 3670 991 3723 continuo
1011 3686 1062 3722 om.
1079 3688 1095 3720 a
1128 3670 1136 3738 11
1170 3668 1204 3721 24
1222 3669 1262 3722 in-

193 3757 332 3825 tercipitfl
367 3758 376 3825 1
413 3757 447 3811 25
469 3758 497 3809 in
516 3757 643 3825 eodemf]
682 3759 692 3827 11
731 3758 764 3812 26
788 3760 926 3826 permonet
944 3758 976 3811 N
978 3778 984 3825 3
1008 3758 1046 3811 ed.
1067 3758 1124 3811 trra.
1131 3797 1138 3823 ,
1169 3758 1263 3825 Vasa,

194 3848 333 3914 permonet
351 3846 381 3899 X

282 3936 328 3990 39.
347 3939 366 3987 4
384 3936 433 3989 sibi
456 3936 489 3989 ab
512 3937 677 4002 donitiacofl
717 3938 726 4007 11
767 3936 860 3991 51000
879 3944 968 4005 onan
1008 3937 1016 4005 11
1058 3939 1125 3991 iet
1148 3954 1200 3990 om.
1219 3944 1236 4004 β
1255 3936 1264 4008 11

193 4024 364 4093 magistratus
382 4044 405 4076 π
435 4025 445 4094 11
475 4024 712 4079 Sconvictolitava
729 4025 797 4099 DH,
817 4026 1014 4081 conuictolitaui
1028 4025 1121 4097 ABp,
1141 4027 1263 4081 conuicio

192 4112 274 4167 litauo
298 4132 332 4183 ‹p3
355 4114 549 4167 conuictolitaio
568 4132 599 4181 a,
622 4114 851 4169 conuictolitauico
874 4114 892 4182 f
928 4116 937 4185 11
979 4118 1037 4170 coto
1055 4115 1092 4183 B;
1117 4119 1187 4171 cotto
1205 4114 1236 4168 X
1256 4113 1264 4185 11

193 4202 210 4255 9
229 4207 429 4272 pugnaueratfi
460 4205 468 4273 11
500 4204 525 4257 9.
546 4204 580 4258 10
597 4204 699 4258 litauici
717 4204 772 4273 aff)
