3134 4859
502 320 608 374 LIBER
625 321 689 375 IIII.
709 321 784 375 CAP.
806 321 923 375 21-23.
1203 306 1248 369 89

173 484 358 547 facultatem
380 483 518 548 babebat
540 503 644 567 neque
671 484 729 548 has
751 484 946 548 tantularum
973 503 1082 547 rerum
1112 503 1248 568 occupa-

134 614 161 657 ιο
175 592 279 654 tiones
311 590 497 653 Britanniae
534 592 769 675 anteponendas
807 591 979 673 iudicabat,
1018 611 1170 673 magnum
1205 592 1246 655 iis

174 717 349 762 numerum
372 697 520 761 obsidum
536 699 678 781 imperat.
721 697 837 779 quibus
862 698 1006 761 adductis
1023 717 1076 762 eos
1100 699 1134 760 iu
1149 698 1278 764 fidema

174 806 296 888 recipit
347 804 486 868 navibus
513 806 640 868 circiter
666 803 795 867 LXXX
829 806 981 869 onerariis
1011 805 1129 869 coactis
1159 804 1247 889 [oon-

175 912 375 995 tractisquel,
398 918 476 993 quot
498 913 575 974 satis
598 930 667 975 esse
690 912 731 974 ad
755 911 834 975 duas
862 912 1119 995 transportandas
1147 914 1246 997 legio-

175 1038 235 1082 nes
258 1019 473 1099 existimabat,
502 1018 589 1099 quod
611 1024 775 1102 praeterea
798 1020 930 1081 navium
953 1020 1121 1103 longarum
1150 1020 1246 1085 babe-

135 1149 162 1191 re
175 1125 244 1206 bat,
268 1127 440 1208 quaestori,
464 1110 832 1209 lagatis'praafectisque
856 1126 1024 1190 distribuit.
1070 1128 1134 1189 huc
1157 1146 1278 1191 acce-r

177 1233 296 1296 debant
317 1232 433 1296 XVIII
451 1234 615 1296 onerariae
630 1252 742 1314 naves,
767 1253 849 1314 quae
873 1253 914 1297 ox
930 1254 967 1297 eo
984 1233 1054 1297 loco
1078 1254 1096 1295 a
1114 1234 1248 1297 milibus

176 1360 329 1423 passuum
351 1340 432 1403 VIII
460 1346 554 1404 vento
584 1340 787 1423 tenebantur,
817 1358 880 1422 quo
909 1342 1016 1405 minus
1043 1342 1078 1403 in
1107 1341 1246 1405 eundem

175 1451 304 1530 portum
327 1447 438 1509 venire
457 1452 600 1529 possent:
625 1446 682 1509 has
698 1447 860 1528 equitibus
877 1448 1047 1511 distribuit.
1087 1449 1280 1530 reliquums

176 1554 354 1617 exercitum
382 1554 504 1616 Titurio
533 1552 650 1616 Sabino
683 1558 714 1616 et
740 1554 963 1617 Aurunculeio
993 1552 1101 1619 Cottae
1134 1556 1248 1638 legatis

135 1662 213 1724 scin
235 1659 402 1743 Menapios
424 1665 520 1743 atque
544 1661 580 1723 in
602 1678 658 1724 eos
673 1680 770 1744 pagos
787 1661 998 1743 Morinorum,
1023 1682 1041 1724 a
1065 1661 1183 1744 quibus
1207 1663 1247 1725 ad

177 1787 252 1830 eum
284 1768 379 1849 legati
410 1787 478 1830 non
505 1772 671 1848 venerant,
706 1768 889 1832 ducendum
923 1766 1017 1831 dedit.
1069 1766 1278 1852 Sulpiciume

176 1874 298 1937 Rufum
320 1875 461 1954 legatum
490 1894 563 1938 cum
587 1894 625 1939 eo
648 1876 821 1958 praesidio,
850 1874 936 1957 quod
964 1877 1040 1939 satis
1068 1876 1136 1939 esse
1164 1874 1247 1939 arbi-

177 1981 334 2063 trabatur,
356 1987 485 2064 portum
508 1988 615 2045 tenere
636 1983 738 2045 iussit

149 2110 163 2151 1
267 2088 328 2152 His
350 2090 532 2152 constitutis
555 2088 652 2152 rebus
675 2095 788 2152 nactus
803 2088 951 2153 idoneam
975 2090 1014 2152 ad
1031 2090 1247 2171 navigandum
1265 2104 1307 2159 23

177 2200 395 2279 tempestatem
417 2196 476 2259 ΙΙΙ.
499 2197 565 2261 fere
589 2196 699 2279 vigilia
722 2196 820 2259 solvit
843 2197 1030 2279 equitesque
1053 2197 1088 2259 in
1116 2195 1248 2260 ulterio-

176 2322 244 2365 rem
273 2308 401 2386 portum
428 2303 577 2386 progredi
604 2308 636 2366 et
662 2321 760 2365 naves
788 2302 1000 2389 conscendere
1033 2308 1064 2367 et
1091 2323 1125 2366 se
1153 2304 1247 2385 sequi

177 2411 279 2474 iussit.
325 2430 344 2472 a
368 2410 582 2491 quibuscum
605 2410 700 2493 paulo
727 2410 849 2473 tardius
877 2414 960 2473 esset
983 2409 1279 2492 administratum

149 2519 244 2600 aipse
266 2518 345 2580 hora
373 2516 436 2579 diei
464 2518 590 2579 circiter
613 2517 687 2579 ΠΠ.
717 2536 791 2580 cum
820 2518 929 2600 primis
957 2516 1094 2581 navibus
1122 2518 1250 2581 Britan-

177 2625 264 2687 niam
301 2625 406 2707 attigit
442 2628 537 2706 atque
574 2623 621 2687 ibi
656 2626 690 2686 in
728 2624 879 2687 omnibus
916 2623 1050 2687 collibus
1087 2626 1249 2708 expositas

176 2732 317 2795 hostium
340 2732 447 2813 copias
475 2735 611 2793 armatas
638 2732 815 2815 conspexit
866 2733 957 2794 ouius
985 2731 1048 2794 loci
1075 2731 1153 2794 baec
1181 2736 1280 2795 crata

178 2843 294 2901 natura
316 2844 411 2919 atque
435 2838 479 2899 ita
503 2837 665 2901 montibus
688 2844 823 2921 anguste
839 2857 926 2901 mare
942 2836 1176 2917 continebatur,
1199 2840 1248 2900 uti

176 2964 218 3008 ex
245 2945 327 3007 locis
354 2943 570 3027 superioribus
597 2943 734 3007 inlitus
761 2945 863 3008 telum
890 2945 975 3026 adigi
1002 2949 1116 3027 posset.
1162 2945 1280 3009 bunos

137 3052 219 3114 road
251 3051 482 3135 egrediendum
513 3070 717 3134 nequaquam
748 3051 901 3115 idoneum
932 3051 1036 3114 locum
1070 3050 1249 3135 arbitratus,

178 3159 256 3222 dum
279 3158 424 3240 reliquae
447 3177 547 3221 naves
570 3178 607 3222 eo
631 3160 851 3241 convenirent,
875 3158 915 3221 ad
938 3158 1048 3221 horam
1071 3178 1191 3221 nonam
1214 3160 1251 3223 in

171 3404 178 3412 '
267 3424 438 3478 sanarum
457 3444 475 3476 ιι
507 3426 516 3492 l
550 3425 583 3480 ro
602 3425 652 3479 siu
670 3424 851 3490 auunnaep
882 3425 890 3491 p
923 3422 1031 3491 hisnu
1062 3424 1070 3493 q
1106 3424 1138 3477 12
1156 3424 1252 3493 raupa

178 3531 213 3580 ιι;
231 3514 334 3581 recepit
351 3532 383 3580 c3
402 3531 454 3567 om.
475 3534 491 3583 ρ
522 3516 531 3581 ζ
563 3514 688 3567 LXXX.
707 3521 737 3581 βς
756 3514 915 3582 octingentis
933 3514 1066 3582 octoginta
1080 3534 1097 3565 u
1120 3516 1129 3583 ss
1153 3511 1193 3566 12.
1216 3514 1253 3567 13

178 3602 375 3670 contractisque
392 3603 443 3655 dcl.
462 3604 599 3657 Ruhnken
634 3606 644 3671 ξ’,
681 3604 714 3657 13
733 3606 798 3671 quot
816 3604 856 3655 cd.
875 3604 903 3669 13
926 3604 997 3671 quod
1015 3602 1045 3655 X
1080 3606 1088 3667 {j
1127 3605 1159 3655 14
1178 3604 1250 3671 quod

180 3709 211 3757 ιι;
230 3692 393 3759 quicquid?
432 3693 441 3758 ζ
483 3694 516 3745 15
535 3692 669 3760 quaestori
688 3712 718 3758 ιι;
740 3693 769 3746 id
788 3692 1009 3761 quaestoribusfl
1050 3693 1058 3759 [ζ
1101 3694 1134 3747 16
1152 3692 1186 3746 ab
1205 3713 1222 3744 ιι
1242 3692 1252 3763 [l

181 3782 215 3834 18
232 3781 362 3847 tribuitss
391 3782 401 3848 s,
433 3781 467 3835 19
486 3781 577 3836 titurio
594 3788 624 3847 ,ὴ
644 3782 735 3850 quinto
754 3782 845 3835 titurio
859 3802 876 3832 ιι
908 3782 916 3814 ¹'
948 3781 1120 3836 auruuculeio
1132 3789 1160 3849 μς
1178 3782 1254 3835 lucio

178 3869 351 3923 auruuculeIo
371 3890 389 3921 ιι
425 3912 428 3939 ,
470 3870 505 3925 20
523 3887 540 3923 a
556 3877 586 3937 fl;
604 3871 638 3924 ab
657 3891 675 3921 c
757 3871 789 3923 21
811 3871 1026 3938 deducendumfl
1067 3870 1069 3878 ’
1106 3871 1251 3939 sulpicium

178 3966 209 4027 133
227 3959 350 4028 publium
368 3958 511 4028 sulpicium
531 3980 549 4011 ιι

267 4067 314 4123 2&
333 4066 351 4119 2
368 4082 452 4120 naues
470 4066 585 4133 soluitfl
620 4069 629 4135 ζ’
666 4066 767 4121 obora
784 4067 889 4121 circiter
908 4068 960 4121 (lici
980 4086 997 4118 ιι
1034 4069 1042 4084 ’“
1078 4068 1194 4135 8atquc
1213 4066 1252 4119 ita

180 4174 211 4221 ιι;
227 4156 338 4223 Δάεοβ
369 4157 378 4222 ss
409 4160 520 4225 augusto
539 4156 682 4224 Elloffm.;
700 4157 820 4225 angustis
838 4156 868 4209 X
897 4162 905 4178 '¹
938 4160 1002 4223 utfl
1033 4185 1042 4223 ῃ
1075 4157 1109 4209 10
1126 4156 1254 4224 adegre-

180 4245 307 4298 mendum
325 4245 655 4315 «(17;adgredicndumfl
685 4248 689 4254 '
725 4246 814 4299 locum
833 4262 1000 4314 nequaquam
1019 4246 1179 4311 idoneumss
