3134 4859
524 344 633 398 LIBER
651 345 713 399 llll.
734 345 810 399 CAP.
830 347 911 400 3-7.
1210 334 1252 395 79

181 511 213 569 ct
236 507 328 569 novis
343 505 532 589 plerumque
547 507 643 572 rebus
659 510 802 590 student,
825 509 906 572 nihil
920 510 971 573 his
986 512 1251 590 committendum

181 614 384 677 existimavit.
431 620 479 678 est
502 616 588 678 enim
611 615 672 678 hoc
696 615 836 681 Gallicae
860 616 1114 699 consuetudinis,
1143 619 1191 681 uti
1220 623 1282 683 eta

149 721 318 783 eviatores
342 722 438 783 etiam
460 722 578 784 invitos
606 723 777 787 consistere
807 729 922 806 cogant
949 729 980 787 et
1008 724 1085 807 quid
1114 725 1251 807 quisque

179 846 290 891 eorum
316 827 355 891 de
380 847 508 909 quaque
531 848 565 893 re
590 829 726 892 audierit
754 836 810 893 aut
832 833 1019 913 cognoverit
1042 837 1197 913 quaerant
1219 839 1252 896 et

178 939 372 998 mercatores
399 937 433 997 in
462 936 585 1019 oppidis
613 936 728 1019 vulgus
757 938 970 1001 circumsistat
998 938 1180 1021 quibusque
1209 958 1250 1002 ex

178 1041 364 1125 regionibus
392 1042 523 1105 venient
551 1061 694 1125 quasque
722 1042 767 1106 ibi
794 1062 845 1107 res
873 1047 1082 1128 cognoverint
1109 1065 1250 1129 pronun-

179 1150 258 1211 tiare
292 1154 391 1232 cogat,
446 1150 496 1213 his
527 1149 623 1212 rebus
661 1154 756 1230 atque
790 1151 1008 1215 auditionibus
1042 1154 1177 1234 permoti
1209 1152 1280 1216 dee

131 1276 162 1317 ro
178 1256 315 1318 summis
338 1275 432 1339 saepe
452 1256 548 1320 rebus
565 1257 698 1320 consilia
712 1259 841 1338 ineunt,
864 1276 1002 1339 quorum
1018 1278 1073 1323 eos
1096 1259 1129 1321 in
1154 1261 1250 1323 vesti-

178 1363 231 1445 gio
247 1364 410 1445 paenitere
425 1382 556 1427 neeesse
572 1370 632 1444 est,
656 1384 730 1427 cum
753 1366 886 1428 incertis
909 1365 1093 1428 rumoribus
1109 1366 1250 1428 serviant

146 1473 210 1531 ret
233 1469 378 1552 plerique
402 1471 443 1532 ad
466 1470 662 1534 voluntatem
686 1490 798 1535 eorum
820 1469 895 1534 ficta
919 1471 1139 1555 respondeant.
1179 1470 1289 1546 Quae

177 1576 411 1640 consuetudine
436 1579 563 1661 cognita
585 1577 715 1659 Caesar,
738 1596 779 1641 ne
795 1580 936 1661 graviori
951 1578 1035 1641 bello
1060 1585 1248 1661 occurreret,

177 1684 336 1746 maturius
361 1703 457 1765 quem
481 1690 650 1749 consuerat
678 1685 718 1746 ad
741 1687 920 1749 exercitum
943 1685 1163 1768 proficiscitur.
1210 1706 1277 1749 eoa

177 1809 252 1852 cum
276 1790 427 1873 venisset,
451 1810 501 1873 ea,
524 1811 606 1872 quae
629 1791 697 1855 fore
721 1793 900 1874 suspicatus
924 1795 1004 1873 erat,
1027 1792 1110 1855 facta
1132 1811 1248 1875 cogno-

144 1898 238 1959 ovit:
264 1898 377 1960 missas
399 1898 575 1981 legationes
604 1898 642 1960 ab
671 1917 737 1961 non
766 1898 863 1961 nullis
891 1898 1074 1962 civitatibus
1102 1899 1142 1960 ad
1171 1897 1278 1961 Ger-3

176 2022 290 2066 manos
306 2005 521 2085 invitatosque
541 2024 609 2086 eos,
632 2006 679 2067 uti
703 2005 741 2067 ab
758 2005 870 2069 Rheno
895 2006 1108 2069 discederent:
1129 2006 1247 2087 omnia,

177 2109 351 2193 quae[que]
375 2111 603 2193 postulassent,
631 2111 669 2174 ab
698 2130 733 2175 se
760 2112 828 2175 fore
850 2118 967 2194 parata
1019 2131 1082 2192 qua
1109 2131 1164 2194 spe
1192 2113 1279 2175 adr

177 2218 267 2280 ducti
284 2217 433 2281 Germani
449 2218 544 2281 latius
560 2219 624 2279 iam
640 2218 839 2301 vagabantur
857 2223 890 2282 et
911 2220 945 2281 in
961 2218 1042 2282 fines
1058 2217 1247 2281 Eburonum

176 2330 209 2387 et
233 2324 486 2405 Condrusorum,
516 2326 572 2406 qui
595 2331 671 2388 sunt
692 2326 903 2389 Treverorum
926 2326 1070 2406 clientes,
1094 2344 1248 2410 pervene-

128 2454 159 2495 ro
176 2436 258 2493 rant.
304 2430 501 2514 principibus
526 2430 646 2495 Galliae
666 2434 806 2495 evocatis
822 2431 937 2495 Caesar
960 2451 1010 2514 ea,
1034 2453 1115 2515 quae
1131 2453 1278 2516 cogno-u

175 2542 279 2620 verat,
304 2538 534 2601 dissimulanda
556 2538 617 2601 sibi
633 2540 829 2602 existimavit
852 2558 1027 2621 eorumque
1048 2541 1162 2603 animis
1176 2560 1247 2623 per-

175 2644 290 2707 mulsis
319 2649 350 2707 et
377 2644 570 2708 confirmatis
599 2647 809 2727 equitatuque
842 2646 995 2729 imperato
1023 2646 1143 2710 bellum
1172 2667 1247 2710 cum

143 2749 345 2814 rGermanis
376 2770 487 2834 gerere
520 2753 694 2815 constituit.
749 2752 796 2815 Re
828 2752 1035 2815 frumentaria
1067 2760 1285 2836 comparatur

176 2858 405 2941 equitibusque
429 2858 559 2922 delectis
582 2860 642 2922 iter
664 2860 699 2921 in
723 2878 761 2922 ea
783 2859 855 2923 loca
869 2860 972 2922 facere
989 2861 1104 2942 coepit,
1130 2860 1246 2941 quibus

175 2967 210 3028 in
234 2965 313 3028 locis
330 2984 399 3027 esse
417 2965 592 3029 Germanos
608 2965 764 3029 audiebat.
804 2986 823 3028 a
846 2966 963 3047 quibus
981 2985 1055 3028 cum
1070 2985 1276 3049 paucorunra

176 3073 302 3135 dierum
326 3073 387 3134 iter
410 3070 547 3152 abesset,
569 3071 666 3154 legati
690 3073 728 3135 ab
752 3074 792 3136 iis
812 3078 983 3155 venerunt,
1008 3091 1145 3153 quorum
1167 3072 1245 3135 haec

143 3180 237 3241 osuit
261 3179 375 3241 oratio:
401 3178 576 3242 Germanos
599 3198 705 3259 neque
728 3180 851 3262 priores
873 3179 990 3262 populo
1014 3178 1157 3241 Romano
1180 3178 1277 3243 bel-e

176 3285 244 3347 lum
272 3284 388 3347 inferre
416 3304 520 3367 neque
550 3290 656 3348 tamen
684 3305 845 3367 recusare,
873 3287 900 3349 si
926 3286 1137 3367 lacessantur,
1166 3287 1245 3368 quin

177 3392 274 3455 armis
302 3392 509 3474 contendant,
539 3392 625 3473 quod
654 3391 886 3455 Germanorum
915 3392 1113 3455 consuetudo
1143 3392 1244 3476 [haec]

264 3586 292 3639 b.
312 3586 329 3638 4
348 3585 427 3653 enim]
447 3586 535 3638 autern
550 3584 598 3652 ΜΗ
629 3584 637 3656 ΗΗ
673 3584 766 3653 galliae
780 3585 825 3655 pf¹
862 3584 870 3655 ΗΗ
906 3588 965 3651 utfl
1002 3584 1010 3655 ΗΗ
1047 3585 1244 3653 oquidAc‘m.;

175 3674 288 3744 quodX
322 3673 329 3745 ΗΗ
367 3674 498 3743 bcogant
517 3694 534 3725 o
572 3673 579 3745 ΗΗ
616 3675 658 3727 his
678 3675 757 3728 rebus
778 3694 809 3742 “3
827 3674 862 3727 Et
880 3674 922 3728 his
940 3674 1128 3740 rumoribusa
1164 3672 1172 3745 ΗΗ
1210 3676 1246 3729 10

175 3764 286 3818 summis
299 3763 379 3817 rebus
391 3770 499 3831 saepen
535 3762 542 3834 ΗΗ
579 3764 615 3832 in]
634 3763 737 3817 eAa'm.
775 3762 783 3834 ΗΗ
821 3766 852 3816 11
873 3764 1023 3817 rumoribus
1041 3770 1070 3831 p,
1089 3763 1208 3818 moribus
1227 3785 1246 3814 u

263 3854 291 3907 6.
312 3854 328 3905 3
352 3855 527 3907 consueuerat
552 3853 595 3906 Srr
632 3851 640 3923 ΗΗ
677 3852 749 3907 bab
774 3872 804 3919 o,
832 3860 883 3919 ap
918 3852 926 3924 ΗΗ
963 3855 988 3907 o.
1013 3854 1028 3906 7
1058 3854 1146 3907 omnia
1176 3870 1247 3921 quao

175 3942 259 4009 Mon,
282 3942 372 3995 omnia
396 3958 515 4010 quaeque
538 3941 575 4008 X3
600 3942 738 4011 omniaque
758 3958 826 4010 quae
845 3942 907 3995 Alo.
946 3941 954 4013 ΗΗ
991 3944 1076 4009 'lap
1112 3941 1120 4013 ΗΗ
1156 3942 1243 3996 8iam

174 4049 226 4085 oro.
248 4051 265 4082 a
302 4029 311 4101 Η
346 4030 482 4097 finibusp
518 4028 526 4102 ΗΗ
563 4031 746 4098 θδυῐοιωιιβ
782 4030 790 4102 ΗΗ
827 4031 1063 4084 θοοηάτιιεοηιιῃι
1088 4052 1105 4082 a
1142 4030 1150 4100 ΗΗ
1190 4033 1245 4083 tre-

174 4121 474 4189 bi1·orump3(om.a)
512 4118 520 4190 ΗΗ
557 4121 581 4173 9.
602 4120 636 4173 10
654 4123 833 4187 peruenerunt
853 4120 927 4187 SB²p
963 4118 971 4190 ΗΗ
1010 4121 1043 4175 10
1062 4120 1162 4174 uocatis
1182 4139 1199 4171 α

265 4211 291 4263 7.
312 4210 328 4261 3
347 4224 485 4277 germanos
504 4224 562 4262 esse
583 4208 620 4275 Sp
656 4207 663 4279 ΗΗ
700 4209 769 4262 tiis
789 4210 828 4263 ed.
847 4211 875 4276 13
899 4209 941 4262 his
961 4209 991 4261 Χ
1025 4209 1033 4279 ΗΗ
1070 4209 1170 4262 lhaec
1190 4226 1246 4260 om.

175 4293 212 4366 A,
231 4298 281 4351 del.
301 4297 389 4350 Krau.
