3134 4859
312 276 374 337 116
709 290 815 344 Banu
830 290 976 344 GALLICI

310 452 440 516 subesse
468 451 630 532 erenum3
658 470 774 535 magno
804 472 873 517 esse
897 453 1063 517 Germanis
1092 454 1194 517 dolori
1219 454 1377 518 Ariovisti

281 564 444 624 imortem
467 564 499 621 et
521 560 700 641 superiores
723 565 847 622 nostras
864 560 1027 639 victorias,
1052 560 1162 623 ardere
1178 560 1317 624 Galliam
1333 566 1379 625 tot
1393 585 1421 626 10

309 666 511 729 contumeliis
534 666 673 748 acceptis
697 665 758 729 sub
780 665 892 749 populi
915 664 1053 729 Romani
1075 667 1246 749 imperium
1268 668 1379 731 redac-

281 778 386 855 stam,
423 773 586 855 superiore
618 772 721 855 gloria
751 773 799 835 rei
832 772 977 835 militaris
1011 774 1162 837 extincta.
1217 779 1379 857 postremo

309 880 383 962 quis
405 879 466 941 hoc
488 879 551 942 sibi
572 878 778 961 persuaderet
804 880 873 942 sine
897 883 984 942 certa
1011 898 1065 962 spe
1089 880 1310 964 Ambiorigem
1338 882 1380 944 ad

282 988 378 1055 aeius
410 985 498 1049 modi
530 972 700 1049 consilium
728 985 951 1049 descendisse?
1002 1004 1093 1050 suam
1120 988 1312 1050 sententiam
1344 990 1380 1051 in

308 1099 476 1175 utramque
499 1098 621 1175 partem
645 1110 714 1155 esse
738 1097 852 1155 tutam:
878 1094 905 1157 si
927 1094 1009 1156 nihil
1032 1098 1116 1157 esset
1140 1093 1265 1175 durinc,
1288 1095 1380 1158 nullo
1396 1116 1423 1157 15

309 1220 383 1263 cunr
397 1199 540 1283 periculo
556 1199 596 1262 ad
611 1199 792 1281 proximam
805 1199 967 1283 legionem
982 1206 1205 1283 perventuros,
1230 1203 1258 1263 si
1276 1200 1382 1265 Gallia

309 1307 413 1370 omnis
437 1326 511 1369 cunr
534 1306 703 1370 Germanis
725 1307 932 1388 consentiret,
955 1326 1053 1369 unam
1069 1325 1138 1371 esse
1161 1309 1195 1369 in
1219 1307 1381 1372 celeritate

282 1414 447 1497 rpositam
469 1413 612 1477 salutem.
660 1411 768 1477 Cottae
794 1413 924 1494 quidem
953 1418 1049 1495 atque
1078 1432 1201 1496 eorum,
1231 1416 1289 1495 qui
1318 1416 1381 1479 dis-

310 1520 476 1602 sentirent,
499 1520 671 1584 consilium
694 1538 789 1602 quem
814 1520 930 1584 habere
954 1521 1098 1584 exitum?
1137 1521 1174 1583 in
1190 1540 1254 1602 quo
1270 1522 1298 1585 si
1313 1542 1379 1586 non

309 1646 460 1711 praesens
487 1628 678 1710 periculum,
711 1632 742 1691 at
769 1628 854 1691 certe
882 1627 1058 1709 longinqua
1086 1626 1251 1691 obsidione
1278 1629 1381 1692 fames
1396 1648 1426 1691 ao

254 1752 291 1807 ao
309 1739 393 1798 esset
423 1735 589 1803 timenda.¹
625 1733 696 1797 Hac
727 1735 761 1796 in
798 1738 967 1816 utramque
1004 1739 1125 1818 partem
1164 1734 1410 1817 disputationer

308 1841 428 1924 habita,
457 1860 573 1913 cuma
596 1840 687 1904 Cotta
713 1842 887 1924 primisque
916 1841 1082 1904 ordinibus
1110 1842 1225 1904 acriter
1251 1827 1381 1905 resiste-

308 1953 409 2030 retur,
432 1948 589 2029 ‘vincite',
611 1948 730 2030 inquit,
755 1947 797 2009 ‘si
819 1948 863 2009 ita
886 1946 1007 2027 vultis’,
1031 1945 1181 2029 SabinuS,
1205 1952 1237 2011 et
1258 1948 1292 2010 id
1315 1948 1381 2011 da-

282 2055 392 2120 ariore
416 2073 507 2136 voce,
535 2059 571 2116 ut
592 2073 710 2136 magna
731 2072 805 2136 pars
832 2052 971 2116 miiitum
999 2054 1179 2133 exaudiret3
1209 2054 1327 2136 ‘neque
1351 2056 1380 2119 is

309 2181 381 2224 sum
389 2154 404 2244 ³,
439 2162 556 2243 inquit,
589 2160 659 2242 ‘qui
689 2160 878 2243 gravissime
907 2179 950 2223 er
977 2160 1069 2223 vobis
1097 2161 1208 2223 mortis
1236 2162 1411 2244 periculos

309 2277 436 2331 terrear.
482 2269 516 2330 hi
539 2269 675 2350 sapient:
701 2267 729 2329 si
751 2268 881 2348 gravius
905 2266 984 2348 quid
1008 2267 1170 2349 acciderit,
1195 2267 1251 2330 abs
1274 2272 1305 2332 te
1328 2289 1380 2331 ra-

282 2376 429 2440 ationem
451 2381 631 2457 reposcent3
658 2374 725 2456 qui,
749 2375 777 2436 si
792 2393 850 2456 per
868 2378 899 2437 tc
914 2374 1022 2456 liceat,
1045 2374 1221 2457 perendino
1239 2375 1289 2438 dic
1305 2394 1380 2438 cum

309 2482 464 2563 proximis
486 2481 629 2544 hibernis
652 2481 815 2544 coniuncti
839 2498 1041 2544 communem
1058 2500 1131 2543 cunr
1146 2480 1279 2562 reliquis
1303 2481 1380 2545 belli

310 2607 418 2651 casum
443 2588 633 2670 sustineant,
656 2606 720 2650 non
744 2588 856 2651 reiecti
880 2592 912 2651 et
934 2586 1066 2670 relegati
1093 2586 1187 2671 longe
1218 2607 1237 2649 a
1264 2590 1379 2651 ceteris

254 2709 290 2765 31
310 2700 365 2758 aut
391 2695 473 2759 ferro
502 2699 558 2757 aut
584 2694 667 2758 fame
694 2694 871 2758 intereant’
923 2692 1131 2777 Consurgitur
1159 2712 1201 2757 ex
1229 2695 1410 2777 consiti031

309 2801 584 2886 comprehendunt
607 2807 778 2882 utrumque
803 2806 834 2864 et
857 2805 961 2882 orant,
985 2820 1026 2865 ne
1050 2820 1108 2864 sua
1131 2802 1330 2866 dissensione
1347 2808 1380 2866 et

282 2910 483 2994 apertinacia
505 2928 574 2972 rem
596 2910 631 2971 in
655 2927 817 2971 summum
845 2908 1023 2990 periculum
1052 2907 1224 2971 deducunt:
1253 2908 1380 2972 facilem

309 3035 379 3080 esse
401 3036 483 3097 rem,
506 3034 565 3079 seu
586 3020 738 3078 maneant
760 3033 818 3077 seu
840 3013 1094 3097 proficiscantur,
1118 3014 1255 3077 simodo
1276 3034 1380 3077 nuum

310 3143 420 3187 omnes
443 3123 581 3188 sentiant
603 3142 640 3184 ac
662 3121 811 3205 probent3
841 3126 951 3183 eontra
977 3121 1011 3183 in
1036 3120 1232 3185 dissensione
1256 3122 1410 3185 nullame

282 3248 344 3295 ase
367 3230 500 3293 salutem
517 3230 705 3312 perspicere.
743 3246 796 3290 res
811 3228 1024 3310 disputatione
1040 3227 1080 3290 ad
1095 3227 1233 3291 mediam
1250 3234 1380 3292 noctem

309 3337 502 3419 perducitur.
548 3335 677 3399 tandem
706 3336 760 3399 dat
783 3333 874 3398 Cotta
900 3339 1063 3417 permotus
1090 3353 1219 3398 manus:
1249 3343 1381 3418 superat

282 3443 468 3509 isententia
495 3442 614 3506 Sabini.
665 3443 890 3525 pronuntiatur
916 3441 1020 3523 prima
1047 3440 1118 3504 luce
1146 3442 1255 3505 ituros.
1302 3460 1380 3505 con-

400 3672 434 3723 12
452 3671 614 3739 superiorem
634 3671 743 3740 glorium
765 3671 805 3725 rei
828 3670 948 3723 militaris
967 3670 1147 3736 extinctamfl
1183 3670 1192 3738 11
1231 3672 1264 3723 13
1283 3686 1330 3738 spe
1348 3678 1380 3738 p,

309 3776 339 3813 re
358 3781 375 3811 a
407 3761 416 3826 11
449 3762 482 3813 15
500 3762 611 3828 unaque
630 3763 704 3827 parte
724 3780 742 3810 α
774 3761 782 3828 11
814 3759 852 3812 nil
871 3760 905 3813 sit
924 3759 1051 3826 duriusfl
1083 3760 1091 3827 11
1125 3760 1157 3811 17
1177 3760 1352 3827 consentiatss
1371 3760 1403 3831 11·

310 3849 399 3915 nnaf
426 3848 435 3916 11
472 3849 505 3901 19
525 3848 622 3901 habere
642 3848 747 3917 Stcpb.;
770 3849 880 3902 haberet
898 3848 928 3901 X
961 3848 970 3915 11
1007 3864 1059 3901 non
1078 3865 1130 3901 om.
1152 3868 1168 3899 a
1206 3849 1215 3916 11
1252 3848 1287 3903 20
1305 3851 1333 3902 at
1350 3856 1379 3916 β;

310 3939 444 3991 nouato
477 3939 486 4005 11
516 3936 629 4005 longass
660 3938 668 4007 11
700 3937 733 3989 21
754 3937 1000 4006 pertimescendap

399 4027 445 4082 30.
466 4028 480 4078 1
501 4028 611 4095 utraque
630 4030 704 4094 parte
724 4046 741 4077 a
773 4028 782 4094 1
815 4026 967 4095 bpericulo
987 4026 1029 4093 “fi
1049 4027 1075 4078 in
1094 4026 1242 4094 pericnlop
1274 4026 1282 4095 11
1314 4028 1381 4081 ehi

311 4116 333 4168 si
353 4116 468 4184 sapient,
488 4114 547 4183 sis
573 4117 582 4180 11
614 4116 682 4170 9ab
702 4135 719 4167 α

400 4206 446 4260 31.
467 4206 480 4257 1
501 4212 551 4272 ep
582 4206 590 4273 11
623 4207 639 4258 5
658 4205 851 4259 dissensionem
871 4225 888 4256 a
