3134 4859
525 342 634 397 LIBllR
651 344 711 397 VII.
731 342 808 399 CAP.
828 344 947 399 68-71.
1204 332 1269 395 203

168 505 299 572 1firmis
322 506 491 589 praesidiis
514 506 713 570 tenebantur.
760 504 863 590 Opere
886 508 1033 571 instituto
1062 506 1099 571 fit
1122 514 1270 591 equestre
1290 520 1325 574 70

196 612 357 695 proelium
383 614 418 675 iu
441 631 479 676 ea
506 613 652 696 planitie,
684 633 781 697 quam
804 614 1019 678 intermissam
1047 614 1182 679 collibus
1210 617 1271 679 tria

192 720 287 783 milia
309 739 463 803 passuum
489 721 524 782 in
552 719 790 803 longitudinem
817 726 926 804 patere
954 741 1049 805 supra
1075 720 1271 785 demonstra-

195 828 312 889 vimus.
359 845 485 889 summa
507 827 540 890 vi
563 826 603 890 ab
626 828 772 909 utrisque
796 827 1006 909 contenditur.
1050 828 1297 897 laborantibusa

164 934 314 999 anostr'rs
338 932 454 997 Caesar
470 934 646 998 Germanos
669 934 829 998 submittit
851 934 1057 1019 legionesque
1077 955 1134 1019 pro
1158 937 1269 999 castris

195 1040 377 1122 constituit,
398 1060 442 1104 ne
458 1060 523 1124 qua
538 1040 645 1105 subito
660 1042 804 1125 inruptio
829 1041 869 1104 ab
884 1042 1024 1107 hostium
1040 1042 1183 1126 peditatu
1205 1042 1268 1106 fiat.

195 1148 354 1229 praesidio
378 1148 545 1230 legionum
568 1147 675 1211 addito
699 1148 818 1213 nostris
841 1149 966 1213 animus
990 1154 1136 1233 augetur:
1161 1150 1296 1218 hostese

194 1254 233 1317 in
258 1254 367 1337 fugam
399 1256 535 1319 coniecti
567 1275 601 1319 se
634 1256 695 1339 ipsi
728 1255 934 1320 multitudiue
965 1255 1145 1338 impediunt
1173 1261 1268 1339 atque

195 1360 434 1443 angustioribus
465 1362 565 1445 portis
596 1362 716 1425 relictis
744 1367 936 1426 coartantur.
983 1361 1135 1427 Germani
1163 1364 1297 1431 acriusr

154 1493 184 1535 ιο
196 1485 301 1548 usque
324 1468 365 1530 ad
386 1469 584 1533 munitiones
607 1473 796 1551 sequuntur.
843 1468 880 1533 fit
903 1489 1020 1553 magna
1048 1470 1173 1551 caedes3
1203 1489 1296 1539 nouo
1355 1544 1358 1550 ,

194 1573 279 1636 nulli
299 1574 422 1638 relictis
446 1578 537 1657 equis
559 1577 677 1640 fossam
701 1576 836 1640 transire
860 1582 892 1639 et
913 1578 1084 1641 maceriam
1107 1583 1269 1641 transcen-

195 1680 273 1744 dere
298 1688 463 1746 conantur.
509 1683 642 1767 paulum
669 1683 813 1766 legiones
837 1683 964 1767 Caesar,
994 1704 1073 1766 quas
1099 1703 1156 1766 pro
1185 1684 1276 1773 vallo¹

195 1789 419 1871 constituerat,
442 1792 625 1872 promoveri
647 1790 744 1853 iubet.
790 1810 856 1854 non
880 1792 987 1854 minus
1011 1791 1068 1874 qui
1090 1792 1296 1859 intramus

196 1895 336 1959 ultiones
359 1901 452 1960 erant
475 1896 559 1961 Galli
581 1896 823 1981 perturbantur:
853 1899 958 1961 veniri
981 1897 1021 1961 ad
1044 1916 1077 1961 se
1102 1897 1267 1961 confestim

154 2025 183 2067 rs
197 2003 419 2067 existimantes
442 2004 482 2067 ad
505 2024 594 2068 arma
616 2004 829 2084 conclamant,
859 2023 924 2067 non
947 2004 1029 2069 nulli
1051 2004 1211 2088 perterriti
1233 2004 1268 2067 in

197 2109 352 2192 oppidum
379 2112 577 2194 inrumpunt.
623 2112 869 2194 Vercingetorix
901 2110 990 2175 iubet
1018 2116 1125 2195 portas
1154 2111 1295 2193 claudii

196 2234 238 2279 ne
261 2220 364 2281 castra
386 2218 558 2283 nudentur.
597 2219 707 2283 multis
725 2217 912 2300 interiectis,
936 2216 1155 2301 compluribus
1176 2219 1268 2301 equis

167 2324 297 2405 scaptis
315 2322 465 2388 Germani
484 2343 554 2389 sese
573 2326 741 2409 recipiunt.
776 2323 1036 2409 Vercingetorix,
1059 2325 1150 2409 prius
1172 2345 1268 2407 quam
1288 2344 1321 2397 71

196 2430 395 2496 munitiones
417 2432 456 2496 ab
479 2431 634 2496 Romanis
656 2431 875 2516 perficiantur,
903 2432 1071 2497 consilium
1096 2434 1180 2516 capit
1202 2452 1268 2495 om-

196 2555 271 2600 nem
292 2536 331 2601 ab
353 2558 387 2603 se
408 2540 586 2622 equitatum
605 2544 703 2603 noctu
720 2539 887 2603 dimittere.
924 2538 1163 2604 discedentibus
1178 2558 1295 2607 mon-2

197 2642 264 2725 dat,
292 2649 329 2708 ut
354 2664 447 2717 suam
474 2648 610 2729 quisque
639 2665 749 2711 eorum
777 2647 938 2711 civitatem
966 2646 1058 2710 adeat
1084 2665 1267 2729 omnesque,

164 2752 254 2831 equi
281 2772 339 2834 per
367 2758 502 2817 aetatem
530 2773 619 2817 arma
645 2754 728 2818 ferre
756 2755 892 2837 possint,
923 2753 962 2816 ad
990 2752 1111 2817 bellum
1139 2758 1266 2837 cogant,

197 2876 257 2921 sua
279 2859 314 2921 in
336 2859 408 2923 illos
429 2862 544 2924 merita
565 2861 716 2944 proponit
738 2859 990 2941 obtestaturque,
1013 2864 1049 2923 ut
1064 2879 1140 2924 suae
1157 2859 1295 2927 salutisa

196 2965 354 3029 rationem
383 2966 521 3031 habeant
551 2987 617 3031 neu
650 2986 683 3031 se
712 2969 830 3051 optime
863 2967 903 3030 de
931 2968 1094 3029 communi
1123 2966 1268 3029 libertate
1353 3016 1355 3021 ,

196 3073 348 3136 meritum
375 3073 522 3138 hostibus
550 3075 585 3137 in
613 3075 790 3138 cruciatum
819 3073 943 3138 dedant.
991 3072 1075 3155 quod
1104 3074 1131 3135 si
1160 3072 1268 3135 indili-

192 3180 359 3260 gentiores
390 3180 522 3263 fuerint,
560 3181 647 3244 milia
682 3181 848 3245 hominum
885 3180 1007 3245 delecta
1041 3178 1169 3243 LXXX
1203 3198 1268 3243 una

288 3429 321 3482 16
341 3428 525 3483 detinebantur
542 3436 561 3496 β

288 3536 333 3591 71),
352 3536 368 3589 3
386 3536 415 3588 in
433 3535 626 3605 longitudinem
644 3543 727 3604 onass
758 3536 767 3604 11
799 3536 863 3589 one
876 3550 928 3603 qua
947 3576 1024 3589 .....
1044 3534 1152 3589 fiatdel.
1165 3534 1241 3589 Paul
1260 3534 1268 3606 11

194 3625 261 3677 'iet
278 3624 410 3691 nostrisfl
450 3626 459 3695 11
499 3625 604 3679 animus
625 3625 674 3692 8533
697 3625 794 3679 animis
814 3644 832 3675 a
873 3624 880 3692 11
922 3627 948 3678 et
967 3624 1058 3678 hostes
1077 3625 1175 3690 suntfl
1211 3626 1219 3693 11
1251 3624 1268 3678 9

193 3715 349 3768 coartantur
366 3721 395 3782 β;
414 3714 562 3769 conseruati
579 3716 638 3767 tum
657 3733 687 3782 α;
705 3716 895 3769 coaceruantur
913 3730 980 3769 reor.
1013 3715 1022 3783 11
1055 3714 1089 3768 10
1107 3713 1268 3767 munitiones

193 3822 228 3871 a,
246 3810 373 3870 murosfl
403 3805 413 3874 11
444 3805 652 3873 persecunturp
678 3802 692 3871 ll
725 3806 756 3857 11
777 3802 947 3857 materiamu
979 3804 987 3873 11
1020 3802 1053 3855 12
1066 3802 1205 3871 paululum
1219 3801 1268 3874 π1

198 3893 232 3945 14
250 3891 439 3962 perturbantur
457 3892 521 3963 galli
539 3912 557 3944 α
588 3895 598 3964 11
628 3893 757 3947 uenires
790 3893 799 3962 11
831 3893 865 3947 16
884 3894 973 3962 portas
991 3892 1100 3960 iubetfi

288 3999 479 4068 71211111
511 4000 843 4070 3arndemitterea
881 4001 889 4067 11
925 3998 1267 4069 4adeantHMll4.5

192 4104 290 4143 omnes
308 4090 389 4158 quifl
419 4091 429 4160 11
461 4091 605 4160 bpossent
623 4110 640 4141 a
673 4090 681 4159 11
713 4091 791 4159 cogat
808 4089 847 4144 A*
884 4089 892 4157 11
929 4091 1016 4159 6que
1035 4095 1126 4156 orrafl
1161 4088 1169 4157 11
1206 4088 1268 4142 18

194 4178 230 4233 de
249 4180 384 4233 communi
401 4179 522 4235 libertate
541 4180 639 4249 optime
657 4179 782 4233 meritum
802 4179 829 4232 in
848 4179 996 4233 cruciatum
1015 4178 1135 4233 hostibus
1153 4185 1170 4245 β
1206 4182 1215 4245 11
1250 4177 1268 4231 8

193 4266 251 4333 Qui
268 4268 292 4321 si
309 4275 327 4337 β
358 4271 367 4335 11
398 4269 541 4324 9LXXX
559 4268 662 4323 delecta
679 4275 697 4337 β
728 4271 737 4339 11
768 4284 822 4322 una
840 4274 930 4335 emp
