3134 4859
352 296 393 358 20
751 310 859 365 BELLI
877 310 1019 367 GALLICI

350 493 403 538 ros
426 492 531 557 neque
554 479 772 555 recusaturos,
801 493 866 557 quc
893 475 1001 538 minus
1026 481 1179 557 perpetuo
1205 473 1265 537 sub
1290 475 1422 537 illorum

323 580 477 647 edicione
496 587 592 663 atque
610 582 746 664 imperio
766 586 879 644 essent.
912 600 1014 644 unum
1032 599 1067 645 se
1086 600 1155 645 esse
1175 600 1217 645 cx
1236 582 1325 645 omni
1341 583 1421 645 civi-

350 696 412 751 tate
436 686 658 768 Haeduorum,
683 689 739 770 qui
761 687 881 751 adduci
903 707 970 751 non
985 689 1137 771 potuerit,
1160 694 1197 751 ut
1221 688 1341 751 iuraret
1365 696 1424 751 aut

323 793 466 859 eliberos
492 813 567 858 suos
595 794 722 858 obsides
751 794 848 858 daret
894 794 936 857 ob
964 814 1036 859 eam
1062 813 1131 857 ram
1158 814 1193 858 se
1220 814 1262 857 ex
1290 796 1422 859 civitate

350 902 528 985 profugisse
552 908 584 964 et
601 900 737 965 Romam
760 902 801 965 ad
821 909 969 965 senatum
988 902 1115 965 venisse
1134 901 1294 965 auxilium
1311 908 1422 985 postu·
1435 926 1463 967 eo

351 1009 463 1090 latum,
497 1008 584 1091 qnod
612 1008 699 1071 solus
726 1026 832 1091 neque
859 1009 931 1071 iure
958 1008 1093 1071 iurando
1121 1026 1227 1089 neque
1254 1008 1423 1073 obsilibus

310 1140 337 1183 10
352 1124 521 1179 teneretur.
568 1116 623 1178 sed
652 1116 743 1198 peius
771 1115 947 1179 victoribus
970 1114 1126 1196 Sequanis
1155 1133 1251 1195 quam
1274 1114 1423 1179 Haeduis

351 1223 444 1285 victis
468 1222 635 1304 accidisse,
657 1230 824 1306 propterea
844 1222 930 1303 quod
948 1222 1144 1303 Ariovistus,
1168 1240 1228 1284 rex
1247 1220 1422 1285 Germano·
1532 1297 1533 1312 χ

351 1349 434 1412 rum,
457 1330 492 1393 in
516 1348 627 1401 corum
645 1328 763 1393 finibus
783 1328 980 1393 consedisset
999 1330 1189 1411 tertiamque
1208 1335 1330 1411 partem
1353 1330 1424 1412 agri

344 1428 506 1517 Sequani,
531 1437 688 1517 quiesset
711 1438 851 1518 optimus
874 1438 972 1500 totius
989 1434 1124 1514 Galliae,
1148 1438 1368 1518 occupavisset
1390 1443 1462 1500 ctas

351 1562 439 1605 nunc
472 1544 511 1607 de
541 1543 639 1607 altera
667 1550 756 1626 parte
784 1544 878 1606 tertia
905 1541 1070 1625 Sequanos
1103 1542 1256 1605 decedere
1288 1542 1423 1624 iuberet,

293 1650 299 1663 '
350 1657 517 1733 propterea
534 1650 627 1731 'quod
649 1650 760 1733 paucis
783 1649 948 1712 mensibus
971 1656 1044 1713 ante
1063 1648 1234 1713 Harudum
1257 1650 1347 1713 milia
1366 1650 1423 1713 ho·

277 1838 282 1847 Ι
351 1758 476 1819 minum
495 1756 630 1821 XXIIH
655 1757 695 1820 ad
719 1776 794 1819 eum
817 1758 993 1836 venissent,
1017 1756 1136 1838 quibus
1159 1757 1249 1819 locus
1272 1776 1310 1819 ac
1329 1756 1424 1820 sedes

311 1888 336 1927 11
351 1872 546 1947 pararentur.
584 1864 729 1928 futurum
747 1882 816 1927 esse
835 1866 945 1947 paucis
964 1865 1069 1944 annis,
1093 1865 1141 1926 uti
1160 1882 1271 1927 omnes
1290 1882 1332 1927 ex
1349 1862 1423 1926 Gal-

350 1972 411 2033 liae
443 1970 561 2036 finibus
593 1971 786 2054 pellerentur
818 1979 914 2052 atque
947 1986 1058 2033 omnes
1091 1968 1243 2033 Germani
1271 1970 1424 2034 Rhenum
1437 1991 1463 2032 ro

351 2080 534 2156 transirent,
563 2097 667 2159 neque
698 2079 783 2141 enim
808 2077 1038 2141 conferendum
1065 2096 1134 2141 esse
1160 2076 1319 2140 Gallicum
1346 2097 1422 2140 cum

352 2184 584 2249 Germanorum
605 2204 680 2266 agro
700 2202 806 2265 neque
826 2185 910 2246 hanc
931 2183 1195 2247 consuetudinem
1218 2185 1323 2247 victus
1346 2203 1422 2247 cum

311 2312 337 2353 12
351 2291 406 2353 illa
434 2291 688 2374 comparandam.
738 2291 941 2353 Arioristum
969 2299 1088 2370 autem,
1119 2297 1156 2354 ut
1188 2291 1287 2354 semel
1315 2290 1421 2355 Gallo-

350 2418 423 2459 rum
447 2398 553 2481 copias
579 2397 698 2481 proelio
723 2398 848 2479 vicerit,
877 2398 964 2479 quod
990 2398 1147 2481 proelium
1174 2398 1292 2461 factum
1316 2400 1357 2460 sit
1380 2397 1422 2460 ad

351 2502 613 2587 Magetobrigam,
651 2505 787 2587 superbe
820 2513 853 2568 et
881 2505 1053 2567 crudeliter
1085 2506 1256 2587 imperare,
1293 2504 1422 2569 obsides
1435 2524 1461 2564 rs

351 2610 542 2675 nobilissimi
579 2612 737 2693 cuiusque
768 2611 888 2674 liberos
924 2630 1056 2693 poscere
1093 2620 1124 2675 et
1161 2612 1195 2673 in
1228 2630 1282 2674 eos
1314 2613 1423 2674 omnia

352 2718 498 2800 exempla
525 2720 748 2801 cruciatusque
777 2719 885 2800 edere,
917 2720 945 2781 si
975 2737 1038 2800 qua
1065 2738 1117 2781 res
1145 2738 1209 2781 non
1237 2718 1278 2780 ad
1304 2724 1422 2781 nutum

311 2845 337 2886 rs
352 2830 407 2887 aut
439 2825 478 2887 ad
510 2825 708 2888 voluntatem
740 2826 811 2889 eius
839 2825 922 2888 facta
951 2826 1001 2889 sit.
1052 2825 1216 2887 hominem
1248 2844 1316 2888 esse
1349 2823 1421 2887 bar-

351 2931 476 3015 barum,
505 2933 707 3015 iracundum,
735 2934 953 2995 temerarium:
983 2950 1049 2994 non
1073 2951 1166 3014 posse
1190 2932 1261 2995 eius
1285 2932 1422 3014 imperia

310 3063 337 3101 u
351 3038 472 3102 diutius
500 3042 658 3103 sustineri.
709 3041 771 3102 nisi
805 3039 883 3121 quid
914 3042 949 3101 in
978 3036 1113 3101 Caesare
1147 3038 1329 3120 populoque
1355 3037 1421 3100 Ro·
1435 3056 1461 3098 50

351 3165 444 3207 mano
472 3147 513 3209 sit
545 3147 671 3227 auxilii,
704 3146 854 3210 omnibus
883 3145 984 3208 Gallis
1015 3146 1102 3208 idem
1130 3163 1199 3208 esse
1228 3143 1420 3224 laciendum,

352 3252 437 3333 quod
461 3252 603 3316 Helvetii
626 3253 771 3332 fecerint,
799 3258 836 3315 ut
861 3253 955 3315 demo
979 3253 1149 3334 emigrent,
1177 3250 1265 3314 aliud
1288 3252 1420 3313 domici-

351 3360 443 3441 lium,
468 3359 545 3421 alias
569 3360 674 3440 sedes,
701 3365 839 3423 remotas
863 3380 881 3421 a
905 3360 1085 3440 Germanis,
1112 3364 1222 3441 petant
1243 3358 1420 3421 fortunam-

310 3491 336 3531 15
352 3483 427 3546 que,
455 3484 675 3547 quaecumque
699 3466 833 3546 accidat,
857 3468 1069 3549 experiantur.
1109 3466 1187 3527 liaeo
1210 3466 1237 3527 si
1256 3466 1421 3528 enuntiata

350 3573 515 3635 Ariovisto
540 3574 615 3654 sint,
639 3592 704 3635 non
728 3572 888 3652 dubitare,
913 3574 993 3656 quin
1017 3573 1056 3635 de
1075 3572 1224 3634 omnibus
1244 3571 1419 3654 obsidibus,
1433 3588 1459 3630 aa

310 3704 337 3745 re
352 3680 407 3759 qui
432 3679 517 3761 apud
539 3699 614 3743 eum
638 3681 714 3760 sint,
737 3680 964 3762 gravissimum
983 3679 1175 3763 supplicium
1194 3685 1306 3741 sumat.
1345 3677 1418 3741 (lae-

441 3874 482 3925 37.
503 3873 537 3926 38
556 3873 695 3926 hominum
714 3872 762 3925 dcl.
779 3872 868 3926 Oiccc.
903 3874 911 3940 ll
944 3874 978 3927 38
997 3874 1134 3926 uenissent
1153 3872 1185 3924 ad
1202 3851 1294 3940 eumq
1334 3875 1343 3935 ΙΙ
1383 3872 1418 3924 43

350 3963 501 4016 Ariouistus
520 3962 567 4028 Md
602 3962 610 4029 ll
646 3964 690 4014 44.
709 3964 744 4016 45
768 3963 803 4015 ad
821 3962 1030 4031 Magetobrigam
1052 3961 1151 4023 (illicio,
1175 3960 1207 4013 ad
1226 3961 1418 4028 magetobriam

350 4052 415 4119 fio
430 4069 501 4117 resq
529 4052 742 4120 admagetobrige
761 4070 794 4120 χ;
816 4052 1027 4119 admagetobriae
1051 4052 1131 4120 qesta)
1179 4052 1188 4118 ll
1234 4050 1269 4102 50
1292 4050 1419 4103 sustineri

352 4141 422 4208 313²,
446 4141 575 4194 sustinere
593 4142 652 4194 rell.
686 4142 694 4209 l!
726 4141 778 4195 nisi
798 4140 915 4207 A¹M¹p3
939 4141 991 4193 nisi
1014 4140 1037 4193 si
1054 4140 1113 4192 rell.
1156 4142 1165 4207 ll
1205 4140 1238 4192 55
1263 4139 1317 4191 sint
1329 4138 1418 4207 xB²c3
1481 4144 1488 4159 ⁴

350 4237 412 4283 eunt
431 4248 470 4300 φρ
