3134 4859
310 324 374 385 222
711 338 816 393 BELLI
836 338 978 393 GALLICI

311 520 383 564 rum
393 520 492 565 causa
500 502 737 582 remansissent,
750 538 793 547 -
808 520 947 585 namque
963 521 1033 566 esse
1049 503 1191 586 undique
1208 504 1384 587 diligenter

310 608 535 690 demigratum,
559 645 602 667 ψ
630 607 687 672 sed
711 609 767 691 qui
790 608 977 691 speculandi
1000 629 1096 673 causa
1120 614 1224 673 essent
1247 612 1380 674 remissi.

281 735 328 779 aa
351 713 472 795 quibus
494 733 568 777 curn
593 721 759 796 quaereret
782 714 909 797 Caesar,
933 736 997 800 quo
1017 716 1086 779 loco
1106 718 1279 781 multitudo
1300 723 1383 781 esset

308 820 551 885 Bellovacorum
576 820 703 904 quodve
730 827 813 885 esset
835 824 1006 887 consilium
1030 842 1154 906 eorum,
1181 824 1432 891 inveniebat:1o

281 928 496 993 chllovacos
512 946 636 1011 omnes,
661 930 715 1011 qui
735 949 822 991 arma
840 930 923 993 ferre
938 935 1080 1012 possent,
1103 933 1139 993 in
1154 949 1256 994 unum
1273 931 1381 994 locum

309 1036 511 1116 convenisse,
534 1036 678 1119 itemque
700 1035 890 1118 Ambianm,
913 1037 1084 1118 Aulercos,
1109 1036 1247 1119 Caletos,
1272 1037 1382 1101 Velio-

309 1162 426 1226 casses,
449 1143 631 1221 Atrebatem
656 1143 763 1207 locum
787 1145 899 1206 castris
915 1144 1078 1207 excelsum
1097 1146 1132 1207 in
1148 1144 1229 1207 silva
1244 1146 1382 1207 circum·
1479 1146 1480 1149 ’

310 1251 382 1313 data
409 1249 526 1332 palude
554 1249 722 1332 delegisse,
755 1249 984 1333 impedimenta
1012 1252 1120 1313 omnia
1146 1252 1181 1313 in
1210 1252 1382 1315 ulteriores

309 1356 405 1420 silvas
429 1357 607 1419 contulisse.
646 1357 827 1440 complures
851 1376 920 1421 esse
943 1358 1104 1441 principes
1127 1357 1205 1420 belli
1224 1364 1381 1441 auctores,
1396 1382 1428 1423 15

310 1462 366 1526 sed
390 1463 628 1527 multitudinem
655 1465 795 1528 maxime
824 1464 940 1527 Oeneo
970 1464 1200 1547 obtemperare,
1234 1466 1322 1548 quod
1351 1467 1383 1529 ei

308 1588 434 1633 summo
467 1589 536 1634 esse
569 1571 643 1633 odio
675 1590 792 1634 nomen
825 1571 937 1654 populi
969 1570 1105 1634 Romani
1137 1572 1382 1636 intellexissent

282 1677 420 1760 spaucis
448 1681 520 1739 ante
548 1677 662 1740 diebus
693 1696 735 1741 ex
768 1678 819 1741 his
847 1679 957 1741 castris
985 1678 1170 1741 Atrebatem
1198 1676 1383 1741 Commium

310 1784 492 1848 discessisse
526 1784 565 1847 ad
593 1785 715 1847 auxilia
743 1785 975 1848 Germanorum
1006 1783 1203 1867 adducenda,
1242 1806 1381 1867 quorum

281 1896 341 1954 eet
368 1892 516 1954 vicinitas
542 1892 722 1974 propinqua
750 1896 782 1955 et
809 1891 982 1955 multitudo
1011 1897 1094 1956 esset
1121 1893 1253 1956 infinita.
1305 1912 1382 1956 con·
1396 1914 1427 1957 ao

308 2000 448 2063 stituisse
476 2003 582 2061 autem
610 1997 796 2061 Bellovacos
828 2000 971 2062 omniurn
1001 2001 1184 2083 principum
1212 2019 1382 2084 consensu,

309 2124 435 2169 summa
466 2105 568 2188 plebis
600 2105 786 2189 cupiditate,
819 2108 859 2184 si,
892 2111 929 2169 ut
957 2106 1128 2188 diceretur,
1162 2104 1276 2169 Caesar
1306 2126 1381 2170 cum

308 2212 411 2275 tribus
438 2211 620 2295 legionibus
648 2214 783 2294 veniret,
812 2232 846 2276 se
871 2212 983 2276 offerre
1011 2214 1051 2276 ad
1079 2214 1310 2296 dimicandmn,
1339 2234 1382 2278 ne

308 2320 473 2381 miseriore
496 2338 533 2381 ao
557 2318 686 2381 duriore
708 2323 817 2402 postea
840 2320 1030 2383 condicione
1053 2340 1127 2382 cum
1150 2326 1216 2383 toto
1233 2322 1382 2385 exercitu

281 2425 470 2488 adecertare
494 2430 697 2507 cogerentur3
731 2427 757 2488 si
780 2427 918 2490 maiores
942 2428 1048 2510 copias
1071 2426 1254 2509 adduceret,
1281 2429 1316 2489 in
1342 2446 1424 2491 eoas

308 2532 377 2594 loco
410 2550 610 2614 permanere,
647 2550 742 2614 quem
781 2532 985 2616 delegissent,
1023 2533 1227 2617 pabulatione
1262 2539 1380 2617 autem,

309 2658 390 2721 quae
413 2643 543 2721 propter
565 2638 642 2701 anni
666 2644 791 2723 tempus
815 2660 888 2703 oum
907 2641 1026 2723 exigua
1049 2646 1116 2703 tum
1136 2641 1270 2705 disiecta
1286 2646 1380 2724 esset,

308 2751 340 2809 et
353 2746 600 2809 frumentatione
622 2751 653 2809 et
672 2748 797 2829 reliquo
815 2752 994 2811 commeatu
1010 2766 1050 2811 ex
1066 2747 1193 2811 insidiis
1208 2748 1381 2831 prohibere

271 2863 288 2917 8
306 2852 476 2915 Romanos.
517 2851 604 2928 Quae
624 2852 739 2917 Caesar
762 2855 1036 2918 consentientibus
1058 2854 1204 2937 pluribus
1228 2874 1302 2918 cum
1326 2874 1408 2919 cor

305 2966 435 3043 gnosset
458 2965 553 3042 atque
576 2979 627 3043 ea,
655 2980 736 3042 quae
756 2966 1020 3044 proponerentur,
1045 2962 1178 3025 consilia
1192 2962 1288 3045 plena
1303 2983 1380 3045 pru-

307 3067 433 3129 dentiae
466 3067 624 3150 longeque
657 3088 682 3148 a¹
704 3068 882 3131 temeritate
915 3067 1122 3133 barbarorum
1153 3075 1275 3133 remota
1310 3089 1380 3134 csse

306 3173 473 3255 iudicaret,
490 3173 638 3237 omnibus
654 3173 751 3237 rebus
766 3175 1007 3237 inserviendum
1025 3176 1144 3257 statuit,
1162 3195 1224 3257 quo
1241 3175 1379 3240 celerius

279 3279 411 3343 ahostes
435 3284 614 3363 contempta
642 3299 701 3344 sua
723 3281 883 3362 paucitate
905 3282 1071 3364 prodirent
1097 3283 1132 3345 iu
1156 3284 1265 3345 aciem.
1313 3284 1411 3347 sin-s

394 3456 512 3511 Scausa
531 3474 561 3523 a;
584 3456 702 3525 gratiap
738 3458 747 3527 tl
783 3456 911 3511 boaesar
929 3473 990 3509 cum
1009 3460 1166 3526 quereretp
1202 3458 1211 3527 lt
1247 3458 1281 3513 10
1299 3458 1379 3513 inue-

305 3544 442 3613 aiebatur,
467 3545 676 3614 cognoscebatp
711 3546 720 3610 ll
758 3546 792 3597 12
811 3545 933 3600 aulurcos
954 3566 971 3597 α
1008 3546 1017 3615 tt
1055 3546 1380 3617 12.13ueliocassisa·,

305 3634 476 3688 uelliocasses
496 3654 518 3686 π
549 3636 558 3704 [Ι
595 3636 629 3689 13
649 3636 781 3689 atrebatas
800 3654 835 3705 φ;
854 3636 987 3689 atrebates
1007 3634 1044 3702 A3
1068 3636 1193 3689 atrebatis
1216 3636 1251 3701 0¹
1287 3636 1296 3705 ΙΙ
1335 3639 1378 3691 13.

306 3724 340 3776 14
359 3724 553 3777 circumdatum
571 3724 602 3779 ile
632 3726 642 3794 b
675 3725 709 3777 14
728 3724 816 3777 omnia
833 3724 1057 3791 impedimentap
1088 3726 1096 3795 ll
1130 3726 1163 3779 15
1181 3727 1302 3779 auctores
1315 3725 1378 3779 belli

304 3820 321 3879 β
352 3817 361 3881 lt
394 3815 427 3868 16
446 3814 540 3868 corbeo
555 3814 601 3866 11²
632 3814 641 3882 b
674 3814 707 3867 18
720 3814 874 3867 Atrebatem
887 3830 939 3866 om.
952 3821 970 3882 β
1001 3815 1010 3878 tl
1042 3813 1076 3866 22
1088 3813 1204 3882 plebeia
1235 3815 1244 3882 tl
1276 3830 1377 3883 caesar,

304 3904 335 3955 ut
353 3903 520 3966 <liceretne
551 3903 559 3971 ΙΙ
592 3903 625 3956 23
645 3904 770 3957 offerrent
789 3918 818 3956 se
838 3921 867 3970 a;
886 3918 945 3956 sese
964 3904 1094 3969 offerrep
1128 3904 1137 3971 tl
1174 3903 1209 3955 24
1227 3904 1379 3959 conditione

304 3993 431 4059 posteafl
462 3992 472 4060 tl
503 3991 537 4045 25
555 3990 582 4043 in
600 3998 629 4058 β;
649 3995 675 4045 et
692 3992 720 4044 in
739 4012 757 4043 a
790 3992 798 4061 lt
831 3992 864 4046 26
884 3994 1089 4061 permaneretur
1115 3994 1124 4061 ll
1150 3991 1348 4059 pabulationem
1360 4001 1380 4060 β

393 4081 421 4134 8.
446 4081 460 4132 1
485 4097 547 4134 cum
569 4072 794 4135 consentientibus
818 4081 1004 4150 (sentientibus
1023 4082 1049 4152 ρ)
1073 4080 1193 4148 pluribus
1216 4088 1233 4148 β
1269 4086 1278 4150 ΙΙ
1316 4085 1339 4135 1.
1360 4083 1379 4135 2

305 4168 474 4237 cognouisset
493 4170 530 4237 Sp
561 4172 570 4239 ss
601 4170 716 4224 4rebus
735 4176 824 4237 ceap
856 4173 864 4239 [l
897 4170 1039 4239 bhostisx
1068 4170 1079 4239 tt
1111 4186 1160 4225 sua
1172 4178 1200 4239 p3
1219 4186 1329 4225 suarum
1342 4190 1378 4241 φ;

304 4274 414 4311 suorum
427 4258 486 4327 χΒ’
517 4264 526 4327 tt
557 4260 710 4328 prodiretur
