3134 4859
333 277 374 339 oa
434 260 439 273 “
734 290 1000 346 antummum
1545 301 1548 398 p

304 455 441 521 alerreis
475 455 564 538 digiti
596 454 720 538 pollicis
753 454 977 534 crassitudine,
1015 473 1150 519 ancorae
1181 475 1240 539 pro
1271 456 1417 519 funibus
1548 481 1551 548 p

304 561 441 628 clerreis
458 562 576 625 catenis
593 562 770 641 revinctam
796 561 895 644 pelles
910 581 967 644 pro
983 562 1063 625 velis
1079 562 1249 643 alutaeque
1265 563 1418 626 tenuiter
1433 585 1461 625 ro

332 668 506 751 confectae,
531 666 614 753 [hae]
640 670 707 731 sive
730 672 860 751 propter
882 668 1022 750 inopiam
1046 668 1104 730 lini
1127 673 1223 751 atque
1239 670 1309 732 eius
1323 689 1418 732 usus

331 777 545 855 inscientiam,
569 776 637 839 sive
654 794 706 857 ec,
731 774 817 856 quod
833 780 882 838 est
896 775 999 857 magis
1013 776 1083 838 veri
1098 776 1211 857 simile,
1232 776 1317 857 quod
1333 782 1417 839 tan-

331 888 379 947 tas
402 887 605 967 tempestates
625 881 745 946 Oceani
768 886 938 963 tantosque
961 883 1100 963 impetus
1115 890 1285 945 ventorum
1308 885 1417 946 susti-

331 991 401 1053 neri
425 1008 461 1051 ac
486 994 573 1052 tanta
597 1008 693 1053 onera
717 988 846 1051 navium
871 988 940 1071 regi
964 988 1043 1051 velis
1060 991 1219 1053 nonsatis
1236 990 1415 1053 commode

304 1115 424 1180 rposse
448 1095 691 1159 arbitrabantur.
720 1114 795 1157 cum
822 1095 871 1157 his
899 1095 1036 1158 navibus
1064 1101 1190 1159 nostrae
1214 1097 1309 1161 classi
1332 1098 1415 1159 eius
1431 1120 1461 1159 ra

331 1203 419 1267 modi
443 1220 630 1285 congressus
654 1206 733 1283 erat,
756 1206 793 1264 ut
808 1221 874 1264 una
889 1202 1049 1266 celeritate
1072 1207 1105 1265 et
1119 1202 1216 1285 pulsu
1238 1222 1413 1267 remorum

331 1313 514 1393 praestaret,
546 1308 670 1391 reliqua
702 1328 758 1391 pro
791 1308 856 1371 loci
884 1313 1010 1390 natura,
1042 1330 1099 1392 pro
1123 1311 1156 1373 vi
1178 1316 1412 1394 tempestatum

304 1416 395 1481 siliis
424 1421 531 1480 essent
558 1417 679 1499 aptiora
709 1420 740 1479 et
768 1396 1061 1480 accommodatiora.
1107 1436 1213 1499 neque
1242 1419 1329 1480 enim
1361 1418 1412 1480 iis

332 1528 457 1589 nostrae
471 1527 574 1586 rostro
589 1542 704 1587 nocere
720 1528 878 1605 poterant,
895 1559 934 1567 —
951 1528 1039 1586 tanta
1051 1524 1085 1586 in
1100 1524 1139 1586 iis
1150 1528 1217 1587 erat
1229 1523 1409 1606 firmitudo,

332 1667 374 1675 —
397 1649 503 1713 neque
526 1634 654 1712 propter
677 1630 878 1693 altitudinem
901 1630 992 1693 facilc
1019 1631 1120 1694 telum
1143 1630 1343 1713 adigebatur,
1372 1640 1410 1694 et
1425 1652 1457 1693 ao

332 1736 443 1801 eadem
471 1736 510 1800 de
538 1756 635 1800 causa
662 1739 768 1800 minus
797 1736 962 1801 commode
990 1737 1114 1821 copulis
1146 1737 1406 1801 continebantur.

305 1844 513 1926 caccedebat,
541 1848 591 1925 ut,
619 1864 693 1907 cum
721 1845 844 1907 saevire
868 1849 985 1907 ventus
1008 1844 1165 1926 coepisset
1192 1849 1281 1907 etse
1304 1850 1405 1908 vento

332 1952 506 2033 dedissent,
530 1958 561 2014 et
584 1955 804 2033 tempestatem
826 1950 946 2013 ferrent
964 1951 1090 2013 facilius
1114 1955 1146 2013 et
1168 1951 1204 2013 in
1219 1951 1309 2014 vadis
1325 1970 1405 2015 con·

331 2060 480 2121 sisterent
507 2058 607 2120 tutius
639 2061 671 2120 et
704 2056 742 2119 ab
777 2062 866 2119 aestu
894 2057 1022 2120 relictae
1050 2057 1131 2119 nihil
1158 2076 1238 2120 sara
1260 2063 1293 2121 et
1315 2063 1404 2121 cotes

332 2165 494 2242 timerent,
525 2182 660 2244 quarum
688 2182 796 2225 rerum
830 2165 971 2226 omnium
999 2165 1116 2227 nostris
1144 2165 1282 2228 navibus
1309 2184 1404 2228 casus
1419 2186 1451 2227 aa

332 2278 399 2335 erat
423 2270 687 2334 extimescendus.

277 2392 313 2443 ll
422 2375 647 2458 Compluribus
681 2377 873 2459 expugnatis
906 2376 1030 2459 oppidis
1059 2377 1185 2455 Cacsar,
1219 2378 1276 2442 ubi
1307 2379 1431 2442 intel-1

332 2484 412 2548 lexit
434 2484 551 2546 furstra
574 2487 698 2545 tanturn
720 2483 861 2547 laborem
890 2485 975 2547 sumi
997 2503 1104 2565 neque
1130 2484 1269 2547 hostium
1291 2486 1400 2569 lugam

332 2591 431 2673 captis
469 2590 592 2672 oppidis
628 2571 758 2672 reprimi
794 2610 901 2673 neque
937 2591 976 2653 iis
1012 2591 1122 2654 noceri
1153 2610 1258 2674 posse,
1292 2594 1400 2656 statuit

277 2728 279 2769 1
305 2696 564 2780 rexpectandam
588 2696 728 2762 classem.
776 2718 857 2779 quae
884 2697 941 2760 ubi
964 2699 1114 2760 convenit
1139 2717 1175 2759 ae
1197 2699 1337 2780 primum
1359 2698 1397 2761 ab

332 2804 477 2868 hostibus
510 2804 579 2867 visa
611 2809 671 2886 est,
705 2804 831 2867 circiter
855 2802 973 2867 CCXX
1004 2824 1103 2867 naves
1131 2824 1242 2868 eorum
1269 2808 1430 2888 paratis-5

332 2914 431 2975 simae
469 2916 566 2993 atque
599 2912 685 2974 omni
722 2930 840 2994 genere
877 2930 1037 2974 armorum
1076 2912 1295 2975 ornatissimae
1329 2932 1399 2995 pro-

304 3019 432 3083 efectac
471 3036 512 3081 ex
549 3023 643 3101 portu
680 3019 798 3081 nostris
833 3019 983 3081 adversae
1025 3018 1251 3097 constiterunt,
1294 3038 1398 3101 neque

422 3302 456 3356 10
475 3302 528 3355 ueli
547 3301 685 3369 saluteque
706 3320 722 3351 α
760 3303 768 3368 ll
806 3302 837 3353 11
858 3301 907 3353 hae
926 3301 974 3353 del.
994 3302 1067 3353 cdl
1102 3301 1110 3368 ll
1146 3300 1193 3353 lini
1215 3301 1331 3369 inopiam
1355 3322 1372 3352 a
1390 3300 1399 3371 ll

333 3391 557 3457 reinserantur
589 3390 597 3457 lt
629 3407 660 3444 co
680 3396 768 3455 carad
800 3391 808 3458 ll
841 3391 882 3443 13.
903 3391 937 3442 14
956 3390 1087 3443 sustinere
1107 3411 1124 3441 a
1156 3391 1165 3458 ll
1198 3393 1231 3444 15
1250 3406 1327 3459 posse
1345 3408 1396 3443 om.

331 3488 347 3546 p
379 3482 387 3549 [l
421 3482 453 3533 ro
473 3484 530 3534 erat
549 3479 653 3547 afdau
678 3483 748 3532 esset
767 3481 824 3532 erat
841 3479 891 3533 c¹b
927 3480 935 3546 ll
971 3495 1103 3532 remorum
1124 3498 1153 3545 ας
1177 3496 1311 3533 remorum
1333 3479 1397 3533 inci-

331 3570 429 3622 tatione
447 3576 464 3635 pl
501 3571 510 3633 ll
548 3569 581 3622 18
600 3569 680 3631 iisb3
708 3568 758 3621 hiis
778 3586 808 3629 ας
831 3568 872 3620 his
892 3568 929 3635 af
964 3570 972 3635 ll
1015 3569 1048 3621 19
1066 3569 1100 3621 iis
1119 3569 1163 3636 (b;
1187 3568 1281 3636 oua)
1299 3569 1398 3637 Niptra

332 3659 373 3711 his
391 3658 421 3710 X
451 3658 459 3726 ll
492 3659 526 3713 20
545 3658 701 3727 adigebatur
720 3676 745 3727 (³3
768 3658 932 3711 adiciebatur
956 3658 1034 3725 u(n)f
1070 3660 1078 3726 ll
1119 3659 1151 3711 21
1173 3657 1274 3726 copulis
1293 3658 1398 3722 Hotm.;

332 3746 490 3817 scopulisX
519 3748 528 3816 tl
561 3748 594 3800 22
608 3747 710 3800 saeuire
724 3747 762 3813 A,
782 3762 811 3799 se
824 3746 927 3800 saeuire
941 3766 958 3797 a
990 3749 999 3815 ll
1031 3746 1133 3800 saeuire
1153 3751 1250 3800 uentus
1268 3747 1399 3816 coepisset

331 3840 358 3891 ct
377 3844 465 3903 emp
496 3835 504 3902 ll
537 3840 610 3890 etse
630 3853 682 3888 om.
703 3855 720 3908 a
752 3837 761 3905 ll
794 3835 828 3889 23
847 3839 874 3888 et
892 3837 1078 3904 tempestatem
1098 3854 1127 3903 «3
1151 3838 1338 3904 tempestatem
1355 3843 1372 3903 β
1390 3833 1398 3905 ll

332 3926 366 3978 24
385 3924 491 3978 relictae
510 3932 538 3993 pl,
558 3926 596 3979 rei
615 3925 721 3978 relictae
741 3945 758 3976 α
791 3928 799 3993 ΙΙ
832 3928 904 3978 cotes
921 3931 949 3991 fi,
974 3927 1065 3978 cautes
1085 3944 1102 3975 α
1139 3930 1147 3993 {1
1184 3926 1218 3979 26
1237 3928 1312 3979 erant
1330 3925 1398 3978 exti-

330 4015 499 4081 mesccndip

420 4124 465 4176 14.
486 4123 501 4175 3
521 4121 563 4175 his
581 4128 598 4188 β
630 4122 637 4189 ll
671 4120 828 4175 5.CC.XX.
847 4128 876 4187 fl,
896 4121 1024 4173 ducentas
1044 4120 1147 4174 .XX.n
1180 4122 1188 4188 ll
1220 4122 1400 4189 dieportu

332 4211 497 4280 prolectaep
