3134 4859
333 249 375 310 22
733 262 840 318 anm
858 263 1001 319 GALLICI

304 425 380 491 arei
402 424 548 509 publicae
571 444 642 491 esse
665 425 884 490 arbitrabatur.
930 426 1086 509 paulatim
1104 433 1211 490 autem
1227 426 1409 490 Germanos

332 550 539 597 consuescere
554 532 702 597 Rhenum
718 534 854 599 transire
871 539 902 598 et
924 535 959 597 in
975 532 1111 597 Galliam
1127 552 1277 617 magnam
1292 552 1409 597 eorum

332 638 572 703 multitudinem
595 641 707 705 venire
729 640 848 724 populo
863 640 1008 705 Romano
1027 640 1244 724 periculosum
1266 638 1409 722 videbat,

303 764 436 829 cneque
459 746 522 810 sibi
545 748 690 811 homines
712 748 797 811 feros
819 766 856 810 ac
879 746 1032 811 barbaros
1047 752 1278 831 temperaturos
1293 747 1409 811 existi-
1425 772 1460 813 15

332 852 451 935 mabat,
476 855 567 936 quin,
590 872 665 917 oum
687 872 816 917 omnem
839 853 976 918 Galliam
999 855 1254 937 occupavissent,
1278 859 1314 917 ut
1328 858 1408 917 ante

333 959 455 1024 Cimbri
476 960 676 1043 Teutonique
698 960 859 1043 fecissent,
883 960 918 1023 in
933 960 1134 1044 provinciam
1157 960 1285 1024 exirent
1307 965 1409 1042 atque

331 1067 407 1130 inde
430 1068 464 1129 in
479 1066 605 1130 Italiam
621 1066 852 1131 contenderent
875 1066 1088 1151 [praesertim
1112 1087 1186 1131 cum
1201 1065 1367 1151 Sequanos
1385 1087 1409 1129 a

331 1174 497 1257 provincia
515 1178 624 1239 nostra
638 1174 814 1238 Rhodanus
837 1174 1020 1259 divideret];
1045 1173 1164 1258 quibus
1186 1173 1282 1237 rebus
1306 1193 1407 1258 quam

304 1302 318 1343 a
332 1282 518 1345 maturrime
531 1282 764 1345 occurrendum
775 1280 914 1364 putabat
938 1282 1007 1365 ipse
1017 1287 1125 1346 autem
1140 1281 1324 1345 Ariovistus
1334 1286 1406 1344 tan-
1423 1304 1458 1346 ao

332 1393 382 1451 tos
397 1386 460 1451 sibi
475 1388 614 1471 spiritus,
629 1393 750 1452 tantam
766 1389 982 1473 arrogantiam
997 1393 1183 1472 sumpserat,
1201 1393 1238 1452 ut
1252 1388 1406 1452 ferendus

277 1506 314 1563 34
333 1514 399 1558 non
412 1495 583 1559 videretur.
607 1493 709 1571 Quam
725 1495 765 1558 ob
778 1514 847 1559 rem
858 1496 978 1578 placuit
992 1497 1030 1577 ei,
1045 1499 1082 1558 ut
1093 1496 1133 1559 ad
1147 1496 1347 1559 Ariovistum
1357 1494 1405 1559 le-
1423 1517 1438 1559 1

331 1607 422 1685 gatos
434 1604 584 1685 mitteret,
601 1602 657 1686 qui
673 1602 711 1666 ab
726 1622 766 1667 co
778 1603 985 1686 postularent,
1000 1603 1050 1665 uti
1062 1602 1204 1684 aliquem
1218 1601 1326 1666 locum
1338 1621 1404 1666 me-

333 1707 423 1771 dium
439 1709 608 1791 utriusque
621 1710 793 1793 conloquio
806 1709 971 1793 deligeret:
989 1709 1072 1773 velle
1088 1727 1158 1773 sese
1174 1710 1213 1773 de
1229 1708 1405 1791 republica

305 1821 364 1880 cet
378 1816 512 1879 summis
528 1818 696 1898 utriusque
711 1816 809 1881 rebus
824 1836 900 1879 curn
915 1835 952 1880 eo
968 1834 1070 1899 agero.
1095 1816 1126 1879 ei
1140 1816 1295 1901 legationi
1309 1817 1403 1879 Ario
1477 1820 1489 1840 ⁹

332 1922 433 1986 vistim
456 1924 633 2007 respondit:
663 1926 691 1988 si
715 1925 793 2007 quid
820 1926 882 2007 ipsi
905 1945 924 1988 a
947 1922 1082 1989 Caesare
1106 1942 1186 2007 opus
1209 1928 1307 2004 essct,
1333 1942 1435 1987 sessa

332 2029 373 2091 ad
396 2050 471 2094 eum
494 2036 667 2095 venturum
690 2031 802 2111 trisse,
829 2032 951 2112 siquid
969 2031 1026 2095 ille
1040 2051 1075 2095 se
1091 2031 1181 2112 velit,
1204 2030 1298 2094 illum
1313 2029 1353 2093 ad
1368 2049 1404 2094 se

304 2138 442 2200 evenire
466 2142 616 2222 oportere.
662 2143 825 2221 praeterea
847 2158 881 2201 se
903 2157 1009 2220 neque
1032 2139 1101 2202 sine
1126 2138 1271 2201 exercitu
1293 2139 1329 2200 in
1350 2156 1404 2200 eas

331 2248 437 2325 partes
475 2244 597 2308 Galliae
634 2246 744 2309 venire
782 2246 913 2326 audere,
951 2265 1031 2327 quas
1069 2243 1185 2309 Caesar
1219 2244 1404 2328 possideret,

333 2369 438 2433 neque
462 2352 640 2415 exercitum
664 2351 732 2415 sine
755 2371 872 2435 magno
896 2357 1076 2416 commeatu
1100 2358 1196 2434 atque
1216 2350 1403 2415 molimento

304 2458 366 2519 rin
398 2477 501 2539 unum
532 2458 640 2521 locum
672 2459 859 2523 contrahere
891 2478 992 2542 posse.
1050 2459 1113 2522 sibi
1145 2463 1252 2522 autem
1284 2460 1404 2522 mirum
1419 2479 1449 2521 ro

332 2565 448 2647 videri,
473 2564 549 2646 quid
573 2565 607 2628 in
631 2585 690 2628 sua
714 2566 829 2648 Gallia,
854 2585 952 2648 quam
975 2565 1059 2629 bollo
1080 2567 1222 2645 vicisset,
1246 2570 1303 2629 aut
1325 2565 1403 2629 Cae-

276 2682 314 2739 35
332 2674 396 2736 sari
435 2676 490 2733 aut
528 2673 659 2735 omuino
698 2673 816 2755 populo
854 2673 999 2735 Romano
1037 2674 1159 2757 negotii
1196 2676 1287 2735 esset
1341 2669 1433 2735 Hisr

331 2780 493 2863 responsis
525 2778 567 2841 ad
599 2778 766 2843 Caesarem
803 2780 912 2843 relatis
947 2781 1066 2843 iterum
1102 2779 1144 2842 ad
1180 2798 1255 2843 eum
1287 2779 1404 2843 Caesar
1537 2761 1538 2772 ³

305 2886 453 2969 alegatos
482 2906 556 2949 oum
584 2886 633 2949 his
657 2886 815 2949 mandatis
838 2888 947 2949 mittit:
978 2888 1131 2969 quoniam
1155 2890 1242 2948 tanto
1265 2905 1324 2949 suo
1348 2906 1402 2969 po

331 2993 462 3075 polique
485 2994 623 3057 Romani
645 2992 802 3058 beneficio
825 2994 981 3077 adfectus,
1005 3012 1079 3056 cum
1101 2994 1135 3056 in
1159 2992 1329 3056 consulatu
1344 3012 1402 3056 suo

330 3119 389 3163 rex
417 3106 512 3183 atque
545 3102 668 3164 amicus
696 3121 715 3163 a
742 3105 857 3164 senatu
889 3099 1066 3183 appellatus
1098 3104 1194 3180 esset,
1226 3100 1309 3163 hanc
1341 3098 1433 3163 sibia

333 3207 515 3289 populoque
531 3206 675 3271 Romano
699 3208 834 3291 gratiam
849 3207 993 3289 referret,
1017 3211 1054 3269 ut
1073 3208 1108 3270 in
1124 3206 1333 3289 conloquium
1348 3224 1403 3269 ve-

331 3314 401 3377 nire
423 3314 578 3377 invitatus
601 3320 789 3397 gravaretur
804 3333 909 3395 neque
926 3312 966 3377 de
982 3314 1195 3377 communire
1212 3312 1404 3377 discendum

332 3419 394 3482 sibi
426 3425 458 3483 et
490 3420 748 3503 cognoscendum
782 3425 922 3503 putaret,
954 3420 1032 3482 haec
1064 3438 1146 3502 esse,
1180 3439 1262 3501 quae
1296 3418 1335 3481 ab
1363 3438 1402 3482 eo

302 3526 519 3609 apostularet:
544 3529 684 3610 primum
707 3546 747 3592 ne
772 3547 869 3610 quam
883 3526 1123 3600 multitudinem
1147 3527 1314 3590 hominum
1337 3545 1404 3589 am-

422 3740 455 3792 15
474 3740 667 3807 temperaturos
680 3756 746 3806 rec,
765 3740 845 3807 cd.1;
865 3739 1094 3807 obtemperaturos
1111 3737 1142 3791 X
1175 3736 1184 3810 ΙΙ
1222 3738 1403 3806 18.19prae-

331 3827 424 3883 sertim
442 3844 504 3881 cum
523 3868 600 3881 .....
621 3828 751 3881 diuideret
769 3828 819 3881 dcl.
840 3827 929 3881 Beati.

419 3916 466 3973 34.
480 3917 496 3970 3
509 3916 630 3985 utrisque
647 3916 737 3970 Oinoe.
775 3915 783 3988 ll
821 3915 937 3972 duellet
949 3915 1010 3969 HM
1044 3914 1053 3986 ll
1089 3915 1274 3971 9molimento
1288 3915 1402 3981 Fciam,

330 4005 511 4060 emulomento
531 4006 587 4074 (uel
604 4006 795 4074 emolumento)
814 4006 845 4059 X

419 4095 466 4151 35.
486 4096 502 4149 2
525 4094 615 4149 relatis
643 4094 677 4163 0;
711 4096 803 4162 Vose.;
830 4095 926 4166 legatis
950 4096 980 4149 X
1017 4094 1027 4166 ll
1067 4096 1082 4148 7
1107 4094 1264 4148 discendum
1285 4093 1403 4159 Faemx,

330 4182 473 4238 dicendum
491 4184 522 4238 X
