3134 4859
531 328 640 382 LIBER
656 328 690 380 V.
715 328 790 383 CAP.
811 330 929 382 37-41.
1204 315 1266 375 121

197 493 236 556 de
261 494 434 574 improviso
462 491 500 554 ad
527 491 688 555 Ciceronis
716 492 852 555 hiberna
880 491 1029 555 advolant
1056 492 1199 555 nondum
1227 493 1268 555 ad

169 618 273 665 ceum
295 598 380 661 fama
404 598 443 663 de
466 599 580 663 Tiburi
602 604 705 663 morte
727 599 855 681 perlata.
901 599 976 661 huic
993 617 1120 680 quoque
1144 598 1301 679 occidite

198 706 285 788 quod
312 705 374 769 fuit
400 724 543 787 necesse,
570 711 701 769 utnon
728 706 810 768 nulli
836 705 967 785 milites,
1001 707 1056 786 qui
1084 705 1269 788 lignationis

196 814 450 893 munitionisque
467 832 563 877 cansa
577 815 612 875 in
627 813 724 877 silvas
741 812 971 893 discessissent,
994 813 1160 895 repentino
1177 813 1269 894 equi-

197 925 268 983 tum
300 920 441 983 adventu
472 922 745 1003 interciperentur.
802 920 852 983 his
889 920 1116 983 circumventis
1151 939 1268 1002 magna
1281 942 1301 983 a

197 1046 297 1089 manu
319 1026 501 1106 Eburones,
528 1027 653 1110 Nervii,
676 1027 830 1090 Atuatuci
858 1031 953 1109 atque
981 1027 1095 1089 horum
1124 1027 1268 1089 omnium

156 1156 184 1198 10
198 1134 279 1197 socii
301 1139 334 1197 et
356 1134 487 1197 clientes
511 1133 666 1217 legionem
684 1152 868 1217 oppugnare
885 1134 1050 1216 incipiunt.
1097 1134 1198 1195 nostri
1217 1151 1268 1196 ce·

198 1240 307 1303 leriter
330 1241 371 1303 ad
394 1260 482 1303 arma
497 1246 704 1322 concurrunt,
727 1240 847 1303 vallum
864 1240 1092 1303 conscendunt.
1132 1258 1225 1321 aegre
1240 1240 1299 1303 isa

199 1345 268 1411 dies
291 1352 499 1428 sustentatur,
527 1348 613 1428 quod
640 1365 767 1410 onmem
796 1365 885 1430 spem
913 1346 1018 1409 hostes
1045 1347 1080 1408 in
1107 1346 1270 1410 celeritate

198 1452 361 1536 ponebant
393 1458 488 1535 atque
516 1454 599 1516 hanc
627 1454 733 1536 adepti
761 1454 927 1515 victoriam
956 1455 990 1515 in
1017 1458 1206 1536 perpetuum
1234 1472 1269 1516 se

172 1560 266 1624 afore
298 1560 436 1625 victores
468 1559 677 1623 confidebant.
723 1559 896 1623 Mittuntur
927 1560 967 1622 ad
996 1560 1162 1625 Caesarem
1194 1579 1269 1622 con·
1287 1572 1330 1626 40

198 1667 303 1731 festim
326 1687 346 1730 a
369 1666 522 1730 Cicerone
550 1666 673 1731 litterae
700 1667 827 1749 magnis
854 1668 1023 1748 propositis
1051 1667 1213 1748 praemiis,
1242 1667 1269 1729 si

198 1773 417 1857 pertulissent3
452 1774 588 1839 obsessis
621 1773 769 1837 omnibus
802 1773 864 1836 riis
892 1774 981 1835 missi
1013 1774 1269 1855 intercipiuntur.

199 1886 298 1944 noctu
320 1900 363 1944 ex
385 1882 531 1962 materia,
555 1899 650 1961 quam
666 1880 855 1943 munitionis
871 1898 967 1942 causa
985 1884 1268 1961 comportaverant,
1283 1899 1301 1941 a

171 1992 305 2051 sturres
337 1987 509 2051 admodum
542 1986 636 2051 CXX
667 1988 849 2050 excitantur
880 1984 1060 2049 incredibili
1093 1985 1268 2065 celeritate3

201 2114 282 2176 qnae
306 2094 416 2157 deesse
441 2095 530 2176 operi
552 2094 744 2157 videbantur
766 2092 983 2175 perficiuntur.
1021 2092 1127 2155 hostes
1141 2099 1268 2175 postero
1282 2112 1303 2155 a

200 2201 252 2265 die
274 2201 376 2264 multo
399 2201 574 2263 maioribus
598 2202 716 2264 coactis
739 2201 839 2283 copiis
862 2204 964 2263 castra
987 2204 1184 2281 oppugnant,
1207 2199 1269 2262 fos-

201 2328 269 2371 sam
296 2308 464 2390 complent.
514 2328 533 2370 a
559 2309 677 2371 nostris
705 2308 817 2371 eadem
844 2308 966 2371 ratione
999 2326 1063 2389 qua
1088 2306 1192 2390 pridie
1219 2326 1301 2369 rea

200 2416 331 2479 sistitur.
378 2415 439 2477 hoc
461 2415 548 2479 idem
570 2415 703 2495 reliquis
719 2414 872 2497 deinceps
886 2412 923 2477 fit
939 2414 1059 2477 diebus.
1093 2413 1182 2476 nulla
1196 2434 1303 2496 perse

159 2542 187 2584 10
200 2522 351 2584 nocturni
378 2522 530 2603 temporis
558 2522 599 2583 ad
629 2520 770 2584 laborem
798 2522 1031 2600 intenuittitur3
1064 2540 1130 2583 non
1158 2522 1271 2603 aegris,

202 2647 269 2691 non
292 2628 469 2691 vulneratis
483 2628 616 2691 facultas
633 2628 750 2708 quietis
766 2627 867 2689 datur.
908 2646 1127 2709 quaecumque
1144 2628 1183 2691 ad
1198 2647 1272 2710 pro·

201 2736 284 2797 ximi
307 2734 371 2797 diei
398 2735 669 2818 oppugnationem
696 2753 776 2817 opus
803 2740 879 2797 sunt
911 2740 1005 2798 noctu
1032 2741 1270 2816 comparantur,

200 2841 321 2905 multae
345 2847 510 2924 praeustae
533 2841 643 2922 sudes,
665 2861 802 2924 magnus
816 2841 989 2903 muralium
1004 2841 1142 2923 pilorum
1159 2859 1303 2903 nume-e

200 2967 257 3011 rus
274 2949 467 3027 instituitur,
487 2953 591 3012 turres
610 2948 869 3029 contabulantur,
891 2949 1008 3031 pinnae
1027 2947 1208 3029 loricaeque
1228 2966 1271 3009 ex

157 3072 186 3114 15
202 3054 343 3118 cratibus
366 3059 559 3118 attexuntur.
605 3056 673 3137 ipse
697 3053 821 3137 Cicero,
845 3074 918 3118 eum
939 3055 1126 3117 tenuissima
1148 3053 1301 3117 valeta-r

202 3161 279 3225 dine
302 3170 398 3242 esset,
421 3180 462 3225 ne
485 3166 678 3224 nocturnum
695 3162 825 3243 quidem
841 3161 902 3224 sibi
919 3166 1043 3244 tempus
1067 3161 1106 3224 ad
1131 3162 1270 3242 quietem

201 3266 416 3350 relinquebat,
439 3272 477 3331 ut
492 3267 576 3332 ultro
592 3268 731 3331 militum
748 3287 907 3331 concursu
923 3287 959 3331 ac
975 3268 1108 3331 vocibus
1124 3267 1185 3330 sibi
1199 3288 1271 3350 par-

173 3392 274 3437 1cere
297 3380 470 3457 cogeretur.
515 3375 596 3437 Tum
620 3376 717 3439 duces
739 3376 963 3458 principesque
987 3376 1191 3456 Nerviorum,
1215 3375 1272 3455 qui
1289 3387 1330 3439 41

293 3623 309 3673 4
328 3622 360 3675 ad
380 3622 491 3675 hiberna
509 3621 637 3675 ciceronis
661 3622 786 3676 aduolant
803 3628 820 3688 β
862 3620 869 3693 ll
910 3625 926 3676 5
946 3622 1007 3675 huic
1025 3622 1065 3689 X3
1088 3621 1132 3674 hic
1152 3620 1243 3675 Hotrn.
1264 3620 1274 3692 ll

202 3710 483 3778 Sinteriicerenturfl
519 3710 527 3782 ll
564 3711 772 3779 HisAri31isrc
810 3710 817 3782 Η
855 3712 1007 3765 Catuatuci
1022 3712 1069 3777 Sp,
1088 3710 1213 3764 aduatuci
1227 3730 1243 3761 a
1264 3710 1273 3781 ll

204 3800 239 3854 10
257 3799 322 3853 socii
340 3799 501 3868 clientesque
519 3806 536 3867 β
572 3799 580 3871 ll
619 3802 652 3853 13
671 3801 779 3869 adeptos
798 3800 921 3869 RMenqe

292 3890 338 3944 40.
359 3890 376 3942 2
394 3889 426 3942 ab
447 3909 463 3940 a
500 3889 508 3960 ll
544 3890 615 3942 dex
635 3908 664 3956 a,
684 3906 715 3943 ca
732 3897 762 3957 fi,
787 3907 820 3941 ex
844 3906 875 3943 ea
894 3890 955 3943 Αἶά.
994 3889 1001 3960 ll
1038 3892 1276 3959 comportauernnt·

201 3984 219 4045 β
264 3976 288 4048 Μ’
317 3978 334 4031 8
353 3995 369 4031 a
388 3978 486 4032 nostris
505 3979 598 4032 cadem
622 3978 722 4031 rationo
747 3995 799 4047 qua
822 3979 904 4046 pridie
927 3970 956 4046 it,
980 3980 1073 4032 eadem
1097 3980 1196 4032 ratione
1221 3995 1276 4046 qua

202 4066 285 4135 pridie
305 4067 454 4121 abnostris
474 4087 491 4118 a
528 4066 536 4137 i
573 4068 639 4120 9fit
658 4067 818 4135 deincepsfi
855 4066 862 4138 Η
901 4069 934 4119 14
953 4068 1101 4137 loricaeque
1123 4068 1207 4136 CAV,
1231 4066 1277 4120 lu-

202 4155 326 4223 ricaeque
344 4156 374 4208 X
409 4155 416 4226 ll
455 4158 495 4209 17.
517 4156 550 4210 18
568 4173 677 4224 parcere
697 4156 781 4224 sibip

292 4246 338 4299 41.
360 4247 372 4296 l
393 4245 458 4298 Tum
477 4252 505 4313 μς
524 4245 596 4298 Tunc
616 4266 633 4296 ra
