3134 4859
281 281 344 343 200
680 294 786 348 BELLI
806 292 947 349 GALLlCI

281 458 430 522 omuibus
453 458 623 522 itineribus
638 458 727 520 nulla
749 477 784 522 re
801 476 843 521 ex
858 459 1023 540 provincia
1047 464 1143 539 atque
1158 457 1251 522 Italia
1274 458 1349 521 sub·
1366 482 1397 524 io

280 565 381 629 levari
404 570 540 648 poterat,
563 571 650 628 trans
665 565 813 629 Rhenum
834 566 870 627 in
887 564 1090 628 Germaniam
1112 566 1210 627 mittit
1233 565 1272 627 ad
1296 584 1351 629 eas

281 673 437 753 ciuitates,
470 691 549 754 quas
581 669 797 755 superioribus
830 673 921 735 annis
949 677 1129 754 pacaverat,
1162 672 1351 754 equitesque

275 778 320 841 ab
345 779 394 841 bis
417 780 547 842 arcessit
573 784 604 841 et
631 778 710 841 levis
733 782 912 841 armaturae
935 779 1072 861 pedites,
1102 780 1157 861 qui
1184 780 1268 842 inter
1295 798 1352 841 eos

254 886 430 968 sproeliari
452 892 651 949 consuerant
690 904 802 949 eorum
819 884 972 967 adventu,
997 884 1083 968 quod
1103 887 1210 949 miuus
1226 886 1352 948 idoneis

173 1012 175 1016 ’
282 994 374 1075 equis
401 992 588 1074 utebantur,
616 992 797 1055 atribunis
823 993 963 1055 militum
990 992 1186 1075 reliquisque
1214 990 1281 1075 [sed
1306 990 1397 1075 et]15

282 1099 444 1182 equitibus
466 1098 619 1163 Romanis
643 1104 739 1181 atque
763 1100 902 1163 evocatis
926 1118 1025 1181 equos
1049 1100 1146 1162 sumit
1169 1097 1352 1163 Germanis-

282 1227 344 1289 que
369 1206 538 1271 distribuit.

227 1334 264 1389 gg
371 1313 511 1393 interea,
534 1313 611 1376 dum
635 1314 711 1376 haec
734 1318 904 1396 geruntur,
930 1314 1070 1375 bostium
1094 1314 1201 1395 copiae
1225 1330 1267 1375 ex
1290 1312 1381 1376 ΑΜ

283 1422 390 1484 vernis
418 1422 620 1503 equitesque,
652 1421 708 1503 qui
736 1420 794 1483 toti
823 1418 943 1483 Galliae
972 1425 1062 1482 erant
1088 1420 1247 1502 imperati,
1276 1438 1354 1481 oon-

256 1528 427 1597 2veniunt.
473 1547 589 1611 magno
616 1527 730 1590 horum
759 1531 867 1589 coacto
896 1545 1043 1607 numere,
1074 1545 1147 1589 cuni
1175 1524 1290 1589 Caesar
1317 1526 1353 1588 in

283 1632 448 1715 Sequanos
471 1654 527 1716 per
551 1638 710 1697 extremos
733 1634 913 1717 Lingonum
942 1632 1022 1697 fines
1045 1634 1106 1696 iter
1127 1632 1258 1714 iaceret,
1288 1651 1353 1715 quo

283 1740 408 1804 facilius
436 1741 613 1804 subsidium
642 1741 828 1824 provinciae
854 1742 936 1803 ferre
963 1745 1081 1823 posset,
1111 1740 1236 1803 circiter
1263 1740 1382 1803 miliae

283 1867 435 1931 passuum
458 1846 492 1910 X
517 1848 555 1910 ab
579 1847 733 1911 Romanis
756 1849 849 1911 trinis
873 1848 983 1911 castris
1006 1846 1254 1930 Vercingetorix
1277 1865 1354 1908 con-

256 1956 366 2026 esedit
382 1956 629 2037 convocatisque
646 1956 686 2017 ad
703 1956 872 2018 consilium
887 1953 1053 2038 praefectis
1069 1954 1214 2035 equitum
1225 1954 1354 2017 venisse

284 2067 409 2145 tempus
436 2064 589 2125 victoriae
617 2063 826 2126 demonstrat:
866 2062 976 2145 fugere
1004 2062 1037 2123 in
1066 2061 1262 2144 provinciam
1288 2059 1354 2123 Ro-

256 2188 396 2239 manos
412 2168 579 2252 Galliaque
600 2169 769 2249 excedere3
794 2168 826 2231 id
848 2168 909 2231 sibi
931 2169 971 2231 ad
985 2173 1186 2251 praesentem
1206 2167 1354 2231 obtinen-

285 2276 358 2336 dam
380 2275 560 2339 libertatem
583 2277 658 2339 satis
682 2294 765 2355 esse3
795 2275 834 2337 ad
858 2274 973 2357 reliqui
1001 2276 1152 2358 temporis
1174 2292 1284 2357 pacem
1309 2278 1355 2336 at·
1369 2294 1398 2337 ro

286 2400 349 2463 que
373 2383 473 2444 otium
497 2402 609 2464 parum
634 2382 758 2466 profici:
793 2381 968 2445 maioribus
996 2382 1082 2445 euim
1110 2382 1226 2444 coactis
1254 2381 1354 2463 copiis

280 2506 470 2551 reversuros
496 2508 602 2571 neque
629 2489 728 2552 finem
754 2488 896 2552 bellandi
923 2489 1069 2552 facturos.
1116 2488 1250 2571 proinde
1277 2484 1351 2571 <in>

258 2596 411 2677 5agmine
443 2595 612 2679 impeditos
645 2596 838 2659 adoriantur.
885 2596 912 2659 si
944 2595 1064 2678 pedites
1097 2596 1163 2658 suis
1196 2594 1355 2657 auxilium

284 2702 389 2765 ierant
412 2706 507 2784 atque
531 2704 566 2765 in
589 2722 626 2766 eo
642 2708 821 2785 morentur,
845 2704 906 2766 iter
920 2704 1023 2766 facere
1047 2720 1113 2765 non
1127 2720 1233 2785 posse,
1258 2703 1296 2784 si,
1321 2701 1355 2764 id

286 2810 372 2891 quod
394 2811 496 2893 magis
519 2803 661 2873 futurum
687 2810 839 2892 confidat,
866 2810 985 2873 relictis
1013 2810 1249 2892 impedimentis
1278 2828 1355 2873 suae
1370 2827 1399 2871 15

286 2917 379 2980 saluti
403 2918 585 3000 consulant,
609 2924 640 2980 et
663 2936 854 2981 usurarum
877 2917 1129 2980 necessariarum
1153 2919 1184 2979 et
1200 2916 1356 2999 dignitate

259 3025 456 3108 sspoliatum
472 3026 522 3087 iri.
551 3044 626 3088 nam
643 3026 681 3087 de
697 3025 859 3106 equitibus
874 3024 1022 3107 hostium,
1040 3025 1116 3105 quin
1132 3042 1227 3086 nemo
1244 3041 1356 3086 eorum

285 3132 432 3213 progredi
455 3133 550 3196 modo
574 3137 667 3195 extra
684 3150 798 3214 agmen
818 3132 946 3212 audeat,
969 3150 1011 3193 ne
1035 3130 1121 3213 ipsos
1146 3130 1276 3212 quidem
1302 3130 1356 3193 de-

286 3237 360 3300 bere
389 3238 541 3301 dubitare.
587 3239 623 3301 id
651 3259 714 3321 quo
741 3240 862 3301 maiore
889 3238 1007 3301 faciant
1034 3238 1153 3319 animo,
1187 3238 1293 3319 copias
1321 3256 1357 3301 se

377 3504 410 3558 10
429 3503 502 3557 nulla
519 3503 547 3555 in
566 3519 594 3557 re
613 3504 657 3556 al¹
690 3504 699 3569 l
732 3504 764 3556 13
783 3502 815 3555 iis
834 3503 852 3555 b
884 3504 893 3571 11
926 3504 959 3555 14
979 3504 1171 3556 consueuerant
1189 3520 1211 3553 π
1243 3500 1252 3569 ll
1284 3502 1356 3570 quod

287 3610 317 3659 ας
336 3594 400 3660 utu
431 3592 440 3661 t
474 3594 506 3646 15
526 3594 574 3647 sed
593 3595 620 3645 et
639 3593 743 3661 (sedent
760 3591 809 3661 13¹)
828 3591 868 3659 X,
887 3608 939 3645 om.
961 3592 1006 3659 δὴ
1025 3592 1075 3644 del.
1094 3591 1168 3644 cdl

374 3683 420 3737 66.
440 3683 457 3735 2
475 3684 531 3737 tota
549 3682 661 3751 galliae
692 3687 701 3751 l
733 3681 905 3736 3eorumS
935 3681 943 3749 lt
976 3682 999 3735 3.
1020 3682 1036 3733 4
1054 3681 1081 3733 in
1100 3695 1231 3749 sequanos
1246 3687 1329 3748 ouass
1348 3680 1357 3751 tt

285 3770 475 3839 dlinguonum
494 3773 582 3840 aba.)
615 3772 624 3840 tl
656 3771 753 3825 bfeui
773 3790 791 3822 α
823 3773 832 3841 tt
864 3772 888 3825 6.
904 3773 918 3824 7
932 3771 1044 3825 considit
1056 3770 1118 3823 HM
1145 3773 1154 3838 lt
1187 3768 1356 3824 loonsilinm

287 3859 324 3927 E3
344 3860 486 3913 concilium
503 3860 534 3913 X
563 3863 572 3930 Ιι
604 3863 636 3914 11
658 3861 740 3929 copiis
759 3861 856 3915 coactis
876 3879 897 3911 π
930 3861 939 3929 tt
972 3859 1005 3913 12
1024 3860 1051 3911 in
1070 3859 1110 3927 ab,
1134 3858 1215 3926 (lad,
1235 3858 1332 3912 om.X
1347 3858 1357 3929 l

287 3950 320 4003 13
340 3948 492 4002 adoriantur
511 3948 615 4016 Mb(S);
639 3950 790 4003 adoriantur
808 3948 919 4016 BM⁶Q;
944 3948 1108 4002 adorirentur
1130 3947 1172 4015 Αβ
1208 3948 1216 4016 tl
1251 3947 1356 4015 pedites
1397 3948 1413 3955 “

285 4038 325 4105 Χ;
344 4037 541 4106 impedimentis
560 4037 588 4104 b;
606 4038 708 4105 pedites
727 4038 924 4107 impedimentis
947 4038 1014 4091 (lad.
1048 4038 1057 4106 lt
1090 4038 1124 4090 14
1143 4038 1229 4090 facero
1243 4054 1272 4104 a,
1292 4052 1355 4091 cou-

285 4128 364 4193 ficiss
395 4128 404 4197 tt
437 4128 470 4180 15
489 4126 670 4194 confidebatss
701 4129 709 4196 tt
742 4128 775 4182 18
794 4128 871 4181 modo
891 4134 980 4196 ouap
1015 4128 1024 4196 Η
1061 4144 1094 4181 ne
1113 4127 1183 4196 ipsos
1203 4126 1309 4195 quidem
1327 4132 1356 4194 ,83

286 4220 313 4271 et
331 4218 403 4285 ipsos
423 4216 528 4284 quidem
548 4232 600 4270 non
620 4236 637 4267 u
669 4216 677 4285 tl
711 4218 743 4271 19
763 4233 815 4285 quo
833 4224 862 4284 β;
882 4218 952 4285 quod
972 4236 989 4268 u
