3134 4859
510 343 617 398 LIBER
636 344 685 397 ΙΙΙ.
706 342 781 397 onP.
801 344 915 397 22-26.
1204 330 1262 390 73'

128 528 160 569 20
174 508 286 587 mavit,
306 506 385 587 quin
406 526 513 588 pugna
533 505 715 570 decertaret.
758 506 817 569 hac
836 525 871 569 re
890 507 927 569 ad
949 507 1118 569 consilium
1137 506 1276 587 delatas

174 613 231 676 ubi
255 632 366 675 omnes
388 614 474 677 idem
500 614 617 677 sentire
640 613 813 694 intellexit,
836 618 999 696 posterum
1016 615 1100 677 diem
1119 633 1247 696 pugnae

143 721 345 783 iconstituit.
392 720 500 783 Prima
529 720 602 783 luce
629 720 795 801 productis
822 721 970 784 omnibus
997 722 1096 804 copiis
1124 720 1246 804 duplici
1263 734 1306 788 24

174 828 241 890 acie
270 828 427 907 instituta,
460 827 589 889 auxiliis
617 827 652 889 in
680 826 818 889 mediam
846 828 947 890 aciem
980 828 1134 891 coniectis
1167 828 1248 909 quid

174 934 281 997 hostes
304 934 429 997 consilii
452 938 601 1017 caperent
625 933 821 1016 expectabat.
859 934 919 1015 illi,
944 936 1003 997 etsi
1020 939 1149 1017 propter
1163 935 1275 998 mul-a

174 1041 346 1104 titudinem
369 1045 401 1104 et
423 1046 565 1104 veterem
589 1040 666 1103 belli
689 1040 823 1122 gloriam
846 1042 1104 1123 paucitatemque
1122 1046 1247 1105 nostro-

142 1168 247 1211 nrum
271 1166 305 1211 se
329 1152 397 1211 tuto
422 1148 629 1211 dimicaturos
653 1146 893 1229 existimabant,
921 1153 1029 1211 tamen
1052 1149 1152 1211 tutius
1176 1167 1246 1212 esse

173 1254 412 1317 arbitrabantur
436 1254 572 1318 obsessis
596 1255 656 1317 viis
680 1259 862 1318 commeatu
884 1256 1058 1319 intercluso
1081 1256 1152 1318 sine
1176 1256 1246 1318 vul-

172 1380 249 1425 nere
272 1362 406 1424 viotoria
429 1364 537 1445 potiri,
567 1368 598 1425 et
625 1363 652 1425 si
675 1366 805 1444 propter
826 1363 968 1444 inopiam
996 1364 1044 1426 rei
1070 1362 1277 1426 frumenta-a

171 1468 240 1531 riae
263 1468 401 1531 Romani
425 1488 494 1533 sese
510 1470 650 1551 recipere
667 1470 859 1552 coepissent,
883 1469 1053 1551 impeditos
1068 1470 1100 1531 in
1119 1471 1246 1552 agmine

173 1580 204 1638 et
227 1574 287 1638 sub
312 1575 446 1639 sarcinis
469 1575 659 1639 infirmiores
684 1577 791 1639 animo
816 1576 932 1639 adoriri
957 1576 1145 1659 cogitabant.
1184 1578 1275 1663 hoca

125 1703 155 1745 ro
172 1682 305 1744 consilio
329 1682 461 1765 probato
490 1682 528 1745 ah
554 1682 690 1746 ducibus
714 1684 877 1766 productis
900 1682 1117 1747 Romanorum
1146 1684 1246 1765 copiis

172 1808 242 1853 sese
266 1790 377 1853 castris
401 1788 560 1853 tenebant.
607 1790 666 1853 hao
689 1809 724 1853 re
744 1795 910 1874 perspecta
926 1790 1072 1871 Crassus,
1095 1811 1170 1854 cum
1186 1809 1276 1853 suas

172 1896 376 1959 cunctatione
404 1901 500 1979 atque
525 1898 675 1979 opinione
698 1898 823 1960 timoris
845 1897 954 1960 hostes
977 1903 1102 1960 nostros
1126 1898 1246 1961 milites

172 2003 342 2067 alacriores
366 2002 404 2065 ad
428 2002 638 2086 pugnandum
662 2002 840 2066 effecissent
862 2009 959 2085 atque
983 2007 1127 2067 omnium
1149 2023 1246 2067 voces

171 2110 363 2173 audirentur
385 2111 545 2192 expectari
570 2110 689 2173 diutius
713 2130 777 2173 non
802 2116 961 2193 oportere,
986 2112 1067 2192 quin
1086 2109 1126 2173 ad
1141 2116 1246 2174 castra

125 2238 154 2279 15
171 2217 287 2298 iretur,
315 2217 496 2280 cohortatus
525 2236 600 2287 suos
629 2217 777 2280 omnihus
805 2217 1008 2301 cupientibus
1036 2218 1076 2280 ad
1103 2218 1245 2280 hostimn

139 2344 152 2385 1
172 2327 276 2386 castra
299 2323 469 2387 contendit.
516 2323 567 2386 lbi
584 2343 658 2387 curn
674 2324 728 2386 alii
743 2324 844 2386 fossas
860 2324 1069 2408 complerent,
1092 2324 1147 2388 alii
1161 2324 1245 2387 mul·
1262 2332 1304 2387 25

171 2432 212 2493 tis
236 2431 308 2494 telis
332 2431 483 2493 coniectis
507 2430 689 2493 defensores
713 2431 796 2493 vallo
820 2431 1118 2514 munitionibusque
1139 2431 1246 2513 depel-

171 2538 276 2601 lerent
298 2538 549 2619 auxiliaresque,
568 2536 693 2620 quibus
709 2538 748 2600 ad
760 2557 903 2621 pugnam
918 2558 982 2601 non
999 2539 1137 2601 multum
1154 2536 1246 2601 Gras-

173 2664 228 2707 sus
258 2643 450 2727 confidebat,
483 2644 641 2727 lapidibus
669 2644 807 2727 telisque
834 2645 1116 2709 subministrandis
1144 2651 1176 2708 et
1204 2646 1245 2707 ad

138 2772 153 2812 a
172 2770 321 2833 aggerem
338 2752 529 2833 caespitibus
546 2752 780 2834 comportandis
792 2754 933 2835 speciem
948 2758 1044 2833 atque
1060 2754 1245 2835 opinionem

169 2859 385 2941 pugnantium
408 2859 610 2941 praeberent,
634 2877 707 2921 cum
731 2859 809 2921 item
831 2858 871 2921 ab
894 2858 1039 2922 hostibus
1063 2864 1246 2922 constanter

171 2984 208 3027 ac
232 2983 298 3027 uon
321 2965 431 3027 timide
448 2970 644 3047 pugnaretur
665 2965 792 3045 telaque
816 2984 858 3027 ex
873 2964 943 3027 loco
959 2966 1123 3046 superiore
1147 2966 1246 3027 missa

170 3091 236 3134 non
259 3071 377 3134 frustra
401 3071 592 3153 acciderent,
621 3073 744 3153 equites
768 3071 945 3134 circumitis
969 3070 1106 3133 hostium
1131 3071 1274 3133 castris2

172 3178 285 3241 Crasso
308 3180 574 3242 renuntiaverunt
601 3198 666 3241 non
696 3178 807 3241 eadem
831 3197 899 3241 esse
928 3177 1093 3261 diligentia
1121 3178 1160 3241 ab
1189 3178 1244 3242 de·

125 3305 154 3346 1o
171 3304 307 3348 cumana
333 3291 424 3367 porta
451 3290 554 3347 castra
581 3286 706 3348 munita
739 3285 928 3367 facilemque
962 3285 1085 3348 aditum
1117 3287 1242 3349 habere.

139 3390 304 3455 rOrassus
333 3392 477 3472 equiturn
506 3393 680 3474 praefectos
709 3392 903 3475 cohortatus,
936 3397 972 3455 ut
998 3393 1125 3475 maguis
1152 3413 1243 3476 prae-
1261 3396 1304 3451 ht»

261 3692 296 3747 20
314 3692 364 3745 hac
381 3700 410 3761 β;
429 3708 460 3746 ao
480 3711 497 3743 α
535 3691 542 3763 ΗΗ
580 3692 724 3745 concilium
743 3699 760 3758 β

259 3800 306 3853 24.
326 3799 342 3851 2
361 3799 486 3853 coniectis
504 3799 557 3865 o¹l3
578 3798 705 3852 conlectis
724 3799 754 3865 h,
774 3799 891 3852 collectis
911 3799 947 3866 as
978 3799 986 3871 ΗΗ
1023 3801 1040 3855 6
1059 3800 1116 3853 sine
1134 3808 1161 3868 fl,
1186 3802 1245 3855 sino

169 3888 224 3942 ullo
244 3908 262 3939 u
298 3886 307 3958 ΗΗ
343 3889 443 3955 δεθβ
479 3886 487 3959 ΗΗ
523 3888 718 3942 9infirmiores
737 3888 824 3942 animo
843 3888 975 3956 Kaic'oto3
993 3890 1137 3943 infirmiore
1155 3891 1246 3944 animo

172 3996 200 4041 (ις
224 3978 349 4031 inferiore
372 3976 459 4031 animo
477 3985 506 4045 fl,
532 3978 582 4030 del.
601 3976 677 4031 Paul
714 3977 721 4048 ΗΗ
760 3978 794 4033 10
817 3985 872 4044 ad
908 3978 916 4049 ΗΗ
955 3979 988 4031 12
1010 3979 1112 4033 timoris
1137 3979 1246 4047 Supte,

169 4066 315 4121 timidiores
333 4066 364 4119 X
398 4064 406 4137 ΗΗ
444 4067 477 4119 13
497 4066 665 4135 effecissetfl

258 4174 306 4229 25.
327 4176 340 4226 1
361 4173 545 4240 ihia3uhifl
580 4172 589 4244 ΗΗ
626 4190 686 4227 oum
706 4173 749 4227 alii
769 4175 810 4240 (εἰς
835 4182 932 4241 cume
967 4173 975 4244 ΗΗ
1012 4175 1151 4227 ladam.
1176 4173 1246 4244 0ρΗ

169 4264 187 4318 8
205 4261 357 4317 acciderent
373 4270 402 4332 β;
421 4265 597 4334 accedere(nt)
618 4286 634 4317 a
672 4263 680 4334 ΗΗ
717 4264 733 4318 9
752 4266 940 4319 renuntiarunt
957 4272 975 4324 β
