3134 4859
1061 247 1073 279 b

285 324 343 367 vm
761 316 926 361 rumano

284 482 473 554 desiderabit,
492 482 579 543 adeat
591 482 1044 561 autappsndieemhsxiotmei
1062 482 1229 543 Caesariani
1246 488 1298 543 ant
1316 500 1405 560 quem

285 571 442 649 separatim
464 572 534 631 inde
558 572 640 649 typis
664 572 877 631 excribendum
896 572 997 631 curavi
1024 572 1133 632 librum
1160 571 1212 649 qui
1235 571 1406 631 inscribitur

286 660 477 721 Coniecturae
501 660 700 721 Caesarianae.
726 694 766 705 -
791 660 914 720 Furores
933 660 1119 737 singulorum
1137 660 1322 720 librariorum
1335 678 1404 720 cum

285 749 373 827 plane
391 750 625 826 praetermittere
644 749 860 823 constituerim,
882 767 942 808 non
959 749 1046 810 modo
1059 749 1180 826 neglexi
1197 756 1298 826 aperta
1316 749 1405 809 nnius

284 838 396 898 librarii
424 838 542 911 menda,
570 845 604 897 ut
627 838 756 911 Vnst
785 838 824 897 ad
844 838 943 915 portia
965 838 1010 913 M,
1037 839 1090 898 sed
1117 838 1205 898 etiarn
1233 840 1260 897 si
1287 839 1319 897 in
1346 856 1405 898 uno

284 927 385 987 codice
408 927 521 1004 (contra
539 927 721 1005 reliquorum
740 927 872 987 omnium
890 927 1080 1004 consensum)
1098 927 1242 1005 scriptum
1262 928 1405 1004 estquod

285 1034 344 1076 non
363 1016 499 1075 abhorret
513 1034 531 1075 a
545 1016 678 1076 Caesaris
693 1016 810 1075 dicendi
823 1015 1049 1090 consuetudine,
1068 1016 1152 1076 velut
1168 1016 1248 1094 qnod
1261 1016 1291 1072 V
1300 1018 1351 1090 54,
1363 1018 1403 1076 22

284 1105 315 1164 in
342 1105 538 1165 Sinvenitur
566 1105 657 1165 buius
684 1105 848 1182 maican,
876 1123 943 1164 cnm
970 1104 1002 1163 in
1029 1105 1135 1165 ceteris
1161 1105 1247 1165 libris
1275 1106 1315 1164 sit
1341 1105 1406 1164 eius

284 1194 450 1271 opinionis,
473 1194 522 1253 vel
545 1193 693 1268 11113,o
718 1195 933 1271 tempestatium
950 1194 984 1266 ie,
1008 1199 1212 1271 tempestatum
1228 1194 1288 1253 reti.
1329 1194 1405 1253 Ean·

285 1285 355 1343 dem
377 1284 414 1343 ob
437 1300 557 1342 causam
581 1283 688 1359 scripsi
711 1282 758 1342 111
774 1286 803 1357 b,
820 1284 861 1343 28
880 1282 1047 1341 Diablintes
1065 1283 1115 1356 (ε
1132 1283 1177 1359 β),
1200 1284 1233 1342 in
1255 1283 1405 1359 apponit

285 1372 457 1435 diablintres
480 1391 514 1445 α,
539 1390 573 1431 ac
595 1372 659 1431 iure
682 1370 755 1430 mihi
774 1371 876 1431 videor
894 1371 1031 1431 omisisse
1049 1372 1080 1430 in
1099 1389 1158 1431 uno
1176 1372 1253 1431 libro
1271 1391 1290 1431 a
1308 1390 1406 1431 errore

286 1460 429 1537 scriptum
451 1478 518 1520 esse
537 1460 712 1537 diablindes3
731 1460 802 1519 item
821 1460 899 1533 140,
911 1460 950 1520 51
963 1478 1007 1538 sq,
1026 1459 1090 1519 dixi
1107 1460 1139 1519 in
1157 1461 1180 1537 ti
1196 1460 1320 1537 reperiri
1338 1461 1407 1520 burc

284 1569 385 1609 caesar
408 1550 516 1625 legioni
538 1548 717 1623 indulserat,
745 1567 925 1627 quamquam
952 1550 985 1608 in
1011 1549 1075 1609 cod.
1098 1550 1119 1626 s
1139 1549 1249 1609 omissa
1275 1557 1322 1609 est
1347 1567 1406 1608 vox

284 1657 392 1698 annau
440 1638 498 1698 Sed
522 1656 581 1697 non
604 1638 690 1697 modo
714 1638 899 1713 singulorum
926 1638 1062 1697 codicum
1084 1638 1269 1715 praetermisi
1291 1638 1406 1712 menda,

287 1746 390 1787 verum
418 1728 508 1787 etiam
530 1727 662 1804 plurium
684 1731 802 1804 apertos
829 1745 942 1786 errores
970 1726 1088 1786 silentio
1115 1728 1233 1800 transii,
1260 1734 1295 1786 ut
1321 1726 1406 1800 138,

214 1838 217 1843 ·
288 1820 328 1877 15
349 1834 392 1894 sq.
425 1817 457 1875 in
484 1816 545 1898 qul
573 1834 711 1893 perverse
743 1815 886 1892 scriptum
917 1834 984 1875 esse
1014 1817 1168 1875 nocturnis
1199 1816 1407 1892 diuturnisque

285 1906 453 1980 itineribus,
477 1906 525 1965 vel
548 1905 579 1965 Il
594 1907 624 1979 4,
639 1907 678 1965 27
704 1923 772 1964 eum
795 1905 937 1981 populum
965 1905 1017 1982 qui
1043 1904 1168 1983 reliquis
1189 1904 1263 1965 locis
1290 1905 1323 1963 in
1345 1922 1406 1964 om-

286 1996 374 2053 nibus
397 1995 480 2054 libris
504 1994 670 2072 appellatur
692 1994 807 2053 Morini
832 1994 865 2051 in
889 2011 914 2075 φ
937 1994 996 2053 dici
1015 2012 1159 2053 wenna.
1200 1996 1298 2070 Atque
1318 1994 1407 2053 etiam

285 2102 362 2161 qnae
386 2101 507 2159 prorsus
530 2083 648 2141 inutilia
671 2088 740 2143 sunt
763 2082 898 2142 consulto
921 2082 1097 2160 plerumque
1119 2082 1270 2159 praeterii,
1298 2088 1332 2141 nt
1354 2082 1406 2155 bii,

286 2173 346 2231 biis
375 2172 423 2245 (cl.
447 2172 543 2242 V52,
560 2176 587 2241 7,
615 2172 667 2231 ubi
693 2171 830 2231 consulto
861 2190 921 2230 non
947 2170 1049 2230 addidi
1081 2172 1113 2229 iu
1144 2172 1169 2241 Q
1198 2178 1299 2231 exure
1326 2170 1406 2246 biis).

285 2261 322 2320 ln
350 2262 412 2320 cod.
440 2261 461 2336 f
487 2278 546 2319 non
573 2278 638 2319 raro
670 2278 752 2319 erasa
785 2265 856 2320 sunt
882 2278 917 2319 ea
952 2278 1027 2337 quae
1059 2261 1155 2337 prima
1176 2278 1266 2319 mann
1298 2260 1407 2335 scripta

285 2354 383 2419 erant,
413 2350 542 2409 secunda
569 2367 658 2407 manu
685 2348 797 2407 inserta
825 2356 895 2407 sunt
922 2354 1022 2426 aperte
1049 2349 1123 2407 laisa
1150 2349 1198 2407 vel
1225 2348 1314 2425 plane
1340 2366 1407 2426 per-

286 2456 384 2515 versa3
409 2439 446 2498 ci.
471 2438 517 2497 ΠΙ
534 2440 584 2512 13,
601 2440 629 2512 8,
658 2437 707 2495 ubi
731 2438 762 2496 in
786 2438 836 2496 abt
857 2443 937 2497 reete
960 2438 1104 2514 scriptum
1130 2445 1177 2498 est
1199 2456 1236 2498 en
1251 2437 1407 2514 pedalibus

287 2572 316 2587 ..
341 2527 481 2601 trabibus,
507 2528 537 2585 in
551 2527 614 2587 cod.
631 2527 652 2602 f
662 2527 692 2585 in
707 2544 810 2586 rasura
826 2544 906 2586 nunc
925 2534 971 2586 est
992 2527 1193 2603 seapedatibus
1216 2572 1245 2586 ..
1270 2526 1407 2598 trabibus,

286 2623 317 2675 et
344 2615 442 2689 V13,
464 2618 490 2690 1,
518 2617 568 2675 ubi
596 2616 627 2673 in
654 2616 676 2693 β
707 2620 753 2676 est
780 2616 927 2691 triquetra
956 2616 1005 2674 vel
1035 2616 1200 2691 triquadro,
1227 2616 1260 2673 in
1286 2615 1308 2690 f
1329 2616 1406 2673 m.2

292 2706 445 2781 tripertita.
471 2738 512 2749 -
541 2705 584 2764 Ea
607 2722 723 2782 qnoque
750 2722 827 2782 quae
853 2704 892 2762 ad
914 2704 1151 2780 orthographiam
1173 2704 1322 2780 pertinent
1348 2705 1410 2763 lere

286 2794 384 2853 omnia
407 2794 444 2853 de
466 2792 612 2853 industria
635 2793 752 2852 silentio
776 2792 927 2870 praeterii:
952 2811 1012 2851 non
1034 2793 1120 2851 attuli
1144 2794 1175 2852 in
1194 2793 1216 2870 β
1234 2793 1408 2869 plerumque

286 2890 388 2943 extare
410 2884 527 2957 enicem,
555 2901 614 2941 non
638 2882 862 2941 commemoravi
889 2882 921 2940 in
945 2882 1053 2958 quibus
1074 2882 1223 2941 codicibus
1241 2881 1410 2940 invenietur

286 2972 471 3043 inmortales,
496 2972 684 3047 adrogantia,
708 2972 858 3041 concione,
882 2970 1023 3046 hyberna,
1046 2970 1151 3040 rhemi,
1174 2972 1255 3042 itaut,
1274 2970 1408 3046 reliquid,

286 3063 401 3132 omnis,
425 3060 524 3136 uolgo,
554 3061 648 3119 multa
671 3060 729 3118 alia
756 3059 787 3117 id
811 3078 919 3134 genus,
946 3060 1064 3117 tametsi
1092 3059 1250 3133 diligenter
1276 3060 1409 3135 excripta

288 3168 326 3207 ex
353 3150 503 3209 codicibus
536 3151 608 3209 haec
640 3148 737 3207 omnia
768 3149 868 3207 habeo.
919 3148 976 3206 Ubi
1004 3145 1140 3224 pugnant
1170 3165 1205 3205 ea
1242 3166 1317 3223 quae
1344 3149 1409 3223 ipsc

287 3238 403 3313 profero
440 3257 508 3297 cum
545 3238 582 3297 iis
620 3255 696 3314 quae
727 3238 764 3296 ab
797 3236 865 3295 aliis
896 3236 1057 3295 editoribus
1084 3242 1302 3314 proponuntur,
1334 3236 1409 3294 meis

289 3326 386 3385 verbis
414 3327 488 3385 fides
516 3327 649 3385 habende
676 3334 722 3385 est
753 3326 784 3383 in
812 3325 948 3384 omnibns
975 3324 1013 3382 iis
1044 3343 1120 3401 quae
1146 3325 1211 3401 ipse
1237 3325 1312 3400 vidi3
1340 3343 1408 3383 nam

288 3414 468 3489 ubicumque
491 3433 623 3490 eaquae
647 3416 711 3491 ipse
734 3416 845 3473 uidisse
872 3414 946 3472 mihi
968 3413 1051 3471 visus
1073 3431 1152 3471 eram
1176 3414 1343 3489 discrepare
1366 3413 1408 3472 vi-

288 3502 389 3560 derem
412 3503 448 3561 ab
472 3504 509 3561 iis
533 3522 608 3579 quae
635 3506 671 3563 ab
699 3503 764 3562 aliis
789 3508 1067 3575 commemorantur,
1094 3503 1226 3561 codicem
1246 3502 1341 3561 denuo
1364 3503 1408 3560 in·

188 3649 190 3655 ,
289 3591 388 3666 sperni,
417 3609 476 3648 non
504 3610 666 3667 numquam
694 3593 804 3650 diserte
831 3590 893 3649 dixi
922 3590 1066 3666 quomodo
1093 3609 1141 3649 res
1170 3608 1201 3650 se
1228 3592 1346 3663 habeat,
1373 3600 1407 3648 ut

290 3678 318 3732 V
332 3681 384 3752 41,
401 3681 441 3739 10
467 3680 535 3756 (que
558 3699 614 3739 one.
641 3682 698 3758 a¹),
722 3680 804 3753 140,
821 3681 883 3738 2.3
908 3678 1075 3754 (consilium
1096 3680 1151 3754 X).
1188 3679 1409 3737 Nihilominus

290 3786 349 3825 non
381 3768 482 3826 dubito
519 3770 592 3846 quin
624 3788 683 3828 non
715 3769 798 3827 nulla
831 3769 863 3825 in
895 3786 929 3826 eo
961 3767 1149 3843 potissimum
1184 3768 1285 3826 codice
1321 3786 1408 3844 quem

291 3855 419 3930 primum
434 3859 558 3930 contuli,
577 3858 595 3917 i.
611 3877 635 3917 e.
650 3858 681 3916 in
697 3858 850 3929 Thueneo,
869 3874 929 3914 non
941 3856 1213 3930 animadverterim
1232 3862 1293 3913 tam
1307 3857 1410 3932 iniqua

290 3944 371 4001 enim
394 3945 441 4003 vel
469 3947 567 4021 potius
595 3953 656 4005 tarn
679 3946 801 4019 indigna
828 3950 875 4003 est
897 3962 999 4003 corum
1026 3944 1158 4002 condicio
1191 3943 1242 4020 qni
1269 3945 1300 4001 in
1328 3946 1411 4019 regia

292 4032 467 4092 bibliotheca
486 4034 670 4094 Berolinensi
685 4034 801 4094 codices
819 4040 946 4092 tractant
966 4050 1056 4090 mann
1080 4033 1218 4108 scriptos,
1242 4039 1275 4091 ut
1292 4033 1341 4090 vel
1360 4051 1410 4092 eos

291 4120 344 4195 qui
371 4120 597 4195 diligentissime
625 4143 659 4183 ec
685 4122 910 4197 religiosissime
940 4121 972 4178 in
1000 4121 1056 4178 hoc
1082 4139 1170 4196 opere
1197 4126 1354 4179 versentur
1380 4132 1410 4179 et

291 4227 367 4285 quos
395 4210 468 4271 nihil
497 4212 557 4271 fere
585 4230 685 4271 eorum
714 4230 790 4287 qnae
815 4211 848 4268 in
871 4210 1020 4269 codicibus
1043 4215 1148 4267 extant
1179 4210 1285 4284 fugiat,
1310 4214 1411 4267 tamen
