3134 4859
292 312 356 373 232
691 291 797 381 annm
820 328 962 383 olmror

263 491 408 557 abantur
430 494 589 555 eventum.
637 490 764 555 obsides
788 492 876 575 dant,
905 493 1059 575 imperata
1080 492 1203 557 faciunt
1226 500 1360 578 excepto

291 596 448 681 Commio,
477 616 573 680 quem
601 598 698 660 timor
723 598 911 681 prohibebat
942 600 1133 681 cuiusquam
1164 599 1242 663 fidei
1270 622 1395 669 suarna

263 705 488 773 acommittere
521 704 664 768 salutem.
716 724 791 767 nam
826 707 988 788 superiore
1023 726 1107 769 anno
1141 707 1174 769 Τ.
1197 706 1360 773 Labienus

291 810 423 877 Caesare
450 813 483 875 in
512 811 615 874 Gallia
647 813 794 875 citeriore
826 813 877 875 ius
905 813 1045 894 dicente,
1077 833 1151 877 cum
1179 812 1360 878 Commium

291 921 497 1002 comperisset
524 918 696 982 sollicitare
724 920 869 983 civitates
902 925 934 983 et
965 921 1219 985 coniurationem
1250 929 1361 985 contra

292 1026 459 1090 Caesarem
476 1025 592 1107 tacere,
616 1024 836 1089 infidelitatem
856 1026 925 1089 eius
949 1028 1018 1089 sine
1037 1028 1103 1089 ulla
1120 1027 1254 1112 pertidia
1276 1029 1361 1091 iudi-

263 1134 376 1200 ccavit
398 1133 565 1215 comprimi
586 1151 687 1215 posse.
728 1151 826 1213 quem
850 1135 925 1215 quia
947 1152 1013 1196 non
1036 1134 1249 1198 arbitrabatur
1268 1156 1362 1199 voca·
1377 1160 1414 1202 io

290 1247 359 1304 tum
383 1241 417 1302 in
439 1245 542 1303 castra
555 1244 742 1320 venturum,
766 1258 807 1303 ne
830 1240 1013 1322 temptando
1038 1243 1211 1304 cautiorem
1234 1242 1363 1324 faceret,

291 1346 323 1409 d.
334 1346 533 1410 Volusenum
550 1345 746 1420 Quadratum
765 1346 868 1428 misit,
888 1348 944 1429 qui
960 1366 1034 1410 eum
1051 1367 1108 1430 per
1124 1348 1363 1414 simulationem

291 1454 455 1536 conloquii
483 1458 609 1515 curaret
635 1452 904 1516 interficiendum.
952 1454 993 1517 ad
1021 1473 1091 1517 eam
1120 1474 1187 1518 rem
1220 1455 1365 1520 delectos

263 1561 423 1627 aidoneus
446 1561 476 1622 ei
499 1559 630 1622 tradidit
653 1561 864 1623 centuriones.
903 1562 1035 1624 cumin
1059 1562 1267 1645 conloquium
1283 1583 1362 1627 ven-

291 1673 360 1730 tum
388 1673 471 1731 esset
493 1671 537 1747 et,
564 1672 601 1729 nt
628 1673 831 1750 convenerat,
860 1687 992 1731 manum
1020 1667 1153 1731 Commii
1177 1668 1363 1733 Volusenus
1377 1693 1410 1735 15

291 1776 488 1857 arripuisset,
512 1774 657 1836 centurio
680 1774 729 1837 vel
754 1775 881 1838 insueta
905 1794 939 1837 re
960 1781 1124 1858 permotus
1144 1776 1197 1839 vel
1216 1777 1363 1840 celeriter

291 1902 310 1945 a
331 1881 542 1944 familiaribus
564 1880 742 1963 prohibitus
766 1880 901 1944 Commii
928 1880 1084 1945 conficere
1107 1882 1271 1946 hominem
1295 1904 1363 1946 non

289 1990 407 2072 potuit,
433 1989 573 2071 graviter
595 1992 703 2077 tamen
726 1987 830 2070 primo
854 1989 921 2052 ictu
944 1988 1051 2071 gladio
1080 1995 1176 2072 caput
1197 1991 1361 2074 percussit.

264 2116 366 2159 soum
389 2096 553 2177 utrimque
576 2094 674 2177 gladii
702 2094 843 2158 destricti
872 2102 990 2178 essent,
1017 2102 1168 2161 nontam
1193 2097 1362 2180 pugnandi

293 2222 389 2285 quam
417 2202 605 2284 diffugiendi
631 2202 693 2264 fuit
720 2208 929 2285 utrorumque
958 2204 1141 2267 consilium:
1170 2210 1362 2286 nostrorum,
1376 2224 1407 2267 ao

292 2309 378 2391 quod
409 2308 573 2371 mortifero
606 2308 739 2372 vulnere
772 2307 952 2372 Commium
988 2310 1159 2374 credebant
1192 2311 1361 2393 adfectum,

292 2415 470 2496 Gallorum,
503 2414 589 2495 quod
621 2414 748 2478 insidiis
776 2417 913 2499 cognitis
940 2417 1044 2501 plura,
1078 2437 1174 2500 quam
1200 2418 1361 2500 videbant,

293 2521 551 2586 extimescebant.
603 2541 667 2604 quo
699 2522 782 2585 facto
820 2525 967 2587 statuisse
1000 2523 1161 2587 Commius
1195 2524 1363 2589 dicebatur

291 2648 470 2711 numquam
492 2629 528 2690 in
552 2634 756 2711 conspectum
781 2632 970 2712 cuiusquam
993 2631 1129 2694 Romani
1149 2634 1270 2695 venire.

238 2750 273 2804 24
382 2735 641 2798 Bellicosissimis
664 2737 815 2819 gentibus
839 2738 972 2801 devictis
990 2738 1116 2820 Caesar,
1140 2759 1214 2802 oum
1236 2739 1390 2803 videreti

292 2844 416 2906 nullam
439 2844 503 2905 iam
528 2861 596 2906 esse
615 2844 788 2926 civitatem,
813 2863 894 2928 quae
913 2845 1034 2909 bellum
1051 2852 1190 2930 pararet,
1216 2846 1363 2929 quesibi
1474 2868 1477 2871 ·

291 2952 467 3031 resisteret,
491 2950 635 3013 sednon
659 2950 765 3014 nullos
790 2970 830 3014 ex
855 2953 979 3035 oppidis
1003 2952 1193 3036 demigrare,
1217 2972 1259 3015 ex
1277 2956 1363 3036 agris

292 3057 446 3141 diffugere
462 3057 502 3119 ad
518 3076 667 3139 praesens
683 3059 854 3141 imperium
872 3060 1066 3140 evitandum,
1081 3060 1190 3142 plures
1205 3061 1241 3123 in
1257 3065 1362 3143 partes

265 3166 470 3227 nexercitum
494 3164 653 3227 dimittere
677 3166 848 3228 constituit.
895 3165 936 3229 M.
956 3168 1135 3230 Antonium
1162 3172 1394 3249 quaestorems

381 3431 564 3496 deuentusfl
600 3431 609 3499 ΗΗ
645 3431 708 3483 dant
731 3430 874 3497 obsidesss
910 3434 919 3499 ΗΗ
954 3432 1050 3485 5fidei
1073 3432 1264 3500 cuiusquamfl
1299 3432 1307 3500 ΗΗ
1345 3433 1362 3486 6

292 3519 515 3585 titusc130m.ss
546 3520 555 3587 ΗΗ
591 3519 685 3572 9sine
704 3519 757 3573 ullo
776 3518 893 3587 periculo
911 3520 1002 3588 Kruff.
1039 3521 1048 3589 ΗΗ
1085 3522 1119 3573 14
1138 3521 1246 3574 idoneos
1265 3521 1288 3574 ei
1307 3538 1361 3574 om.

291 3614 309 3675 β
340 3608 348 3676 ΗΗ
380 3608 486 3661 tradidit
503 3614 532 3674 fl,
552 3608 632 3660 tradit
652 3608 681 3660 ul
711 3609 720 3676 Η
753 3611 939 3679 lictoriae
971 3611 980 3678 ΗΗ
1013 3611 1046 3663 16
1059 3611 1086 3662 et
1099 3610 1246 3677 centuriofl
1277 3611 1286 3679 ΗΗ
1317 3610 1365 3663 vel

183 3728 186 3731 <
291 3697 398 3751 insueta
415 3697 508 3765 Lipa3
527 3696 602 3751 uelut
620 3698 725 3751 insueta
742 3698 774 3751 X
807 3700 816 3767 ΗΗ
852 3697 896 3750 uel
916 3717 945 3765 a,
965 3697 1082 3766 uelletfl
1117 3704 1126 3767 ΗΗ
1164 3699 1271 3753 16-18
1292 3700 1362 3754 cele-

293 3786 357 3838 riter
384 3786 526 3839 commium
550 3787 690 3855 conficere,
719 3804 735 3841 a
758 3787 931 3841 familiaribus
957 3788 1104 3855 prohibitus
1128 3806 1181 3842 non
1202 3788 1288 3857 potuit
1309 3796 1326 3855 β
1354 3788 1365 3861 ΗΗ

294 3875 327 3928 18
346 3877 426 3943 caput
444 3876 575 3942 percussit
594 3895 624 3943 u3
648 3876 800 3930 uulnerauit
820 3877 857 3943 Ββ
893 3877 901 3945 ΗΗ
939 3877 971 3931 21
992 3878 1117 3931 affectum
1137 3878 1278 3933 credebant
1298 3878 1337 3946 Sp
1355 3877 1365 3950 ΗΗ

294 3963 327 4017 23
346 3963 476 4017 commius
495 3965 618 4018 statuisse
639 3964 677 4032 Sp

383 4072 429 4125 24.
450 4074 464 4122 1
485 4071 582 4125 Caesar
599 4072 807 4127 bellicosissimis
829 4074 951 4141 gentibus
974 4073 1053 4127 uictis
1073 4074 1111 4141 Sp
1151 4076 1160 4144 ΗΗ
1202 4074 1288 4127 2iam
1308 4092 1364 4128 cm.

295 4159 333 4226 Sp
368 4159 376 4227 ΗΗ
418 4163 520 4228 pararet
533 4160 605 4229 χδβς
624 4162 652 4214 id
670 4164 776 4230 pararet
793 4161 861 4230 BM,
884 4164 1023 4231 adpareret
1041 4162 1138 4217 Dacis.
1180 4164 1189 4229 ΗΗ
1230 4164 1312 4217 3sed
1332 4182 1365 4231 α;

294 4250 355 4315 etp
386 4249 395 4316 Η
426 4249 586 4318 4defnge1e
599 4250 659 4322 χδρ
691 4254 699 4321 ΗΗ
731 4252 803 4307 cM.
823 4270 912 4322 obex
