3134 4859
283 264 346 325 184
679 276 786 329 BELLI
805 274 947 329 GALLIOI

279 441 362 504 vicci
386 440 518 503 consilio
542 440 648 503 inedia
669 440 736 503 fere
759 445 852 503 nocte
875 458 942 503 rem
971 438 1011 501 ad
1036 437 1202 503 Caesarem
1230 438 1395 520 defert31o

281 552 361 629 orat,
385 566 426 609 ne
449 548 587 629 patiatur
610 548 770 609 civitatem
799 547 906 628 pravis
930 545 1184 609 adulescentium
1208 546 1349 608 consiliis

280 653 320 717 ab
344 655 483 717 amicitia
505 654 615 736 populi
637 654 775 717 Romani
799 652 945 733 deficere,
970 652 1056 735 quod
1074 652 1217 715 futurum
1241 653 1349 734 prori-

281 762 366 842 deat,
390 762 416 824 si
441 780 475 824 se
498 765 546 823 tot
567 761 734 822 bominum
757 760 846 822 milia
861 778 934 821 cum
950 759 1096 822 hostibus
1112 760 1350 840 coniunxerint,

281 888 416 952 quorum
441 868 576 931 salutem
599 885 703 947 neque
727 867 899 949 propinqui
923 867 1091 949 neglegere
1113 884 1219 948 neque
1235 866 1350 929 civitas

225 984 262 1039 40
279 976 344 1038 levi
366 979 527 1037 momento
552 974 719 1037 aestimare
742 974 849 1055 possit.
896 972 1012 1055 Magna
1036 972 1177 1035 adfectus
1193 972 1379 1037 sollicitur

281 1082 356 1145 dine
379 1082 439 1144 hoc
462 1082 575 1143 nuntio
600 1078 727 1161 Caesar,
753 1080 838 1160 quod
855 1098 980 1161 semper
994 1078 1203 1141 Haeduorum
1228 1079 1351 1141 civitati

280 1190 449 1271 praecipue
472 1187 662 1267 indulserat,
685 1186 776 1249 nulla
790 1188 977 1269 interposita
993 1185 1190 1249 dubitatione
1205 1184 1350 1267 legiones

281 1296 445 1378 expeditas
476 1294 543 1357 ΠΙΙ
575 1295 816 1375 equitatumque
849 1311 975 1356 omnem
1013 1312 1054 1355 ex
1086 1292 1198 1355 castris
1233 1293 1350 1373 educit,

254 1421 340 1469 aneo
362 1401 424 1464 fuit
446 1402 584 1483 spatium
601 1401 656 1462 tali
672 1406 813 1483 tempore
829 1400 868 1461 ad
885 1399 1100 1462 contrahenda
1124 1404 1238 1479 castra,
1262 1399 1381 1480 quode

253 1528 332 1577 ares
355 1509 458 1591 posita
480 1509 513 1569 in
529 1507 689 1570 celeritate
705 1507 887 1587 videbatur,
913 1504 944 1567 Ο.
960 1505 1096 1569 Fabium
1118 1506 1258 1587 legatum
1275 1525 1351 1568 cum

279 1614 460 1697 legionibus
484 1613 609 1677 duabus
633 1614 744 1677 castris
762 1614 921 1696 praesidio
937 1614 1097 1695 relinquit.
1135 1612 1249 1676 fratres
1263 1611 1350 1675 Lita-

280 1722 362 1784 vicci
390 1741 462 1784 cum
496 1721 722 1803 comprehendi
748 1722 905 1801 iussisset,
939 1720 1034 1802 paulo
1064 1724 1136 1781 ante
1165 1721 1281 1801 reperit
1309 1720 1351 1781 ad

253 1829 386 1896 rhostes
409 1828 594 1910 profugisse.
640 1828 825 1890 adhortatus
849 1827 980 1907 milites,
1004 1845 1043 1889 ne
1066 1827 1245 1890 necessario
1269 1830 1350 1889 tem-

279 1954 356 2019 pore
379 1936 503 1997 itineris
530 1934 639 1997 labore
667 1938 927 2017 permoveantur,
956 1933 1172 2017 cupidissimis
1201 1932 1350 1995 omnibus
1365 1952 1396 1996 ro

176 2100 178 2106 .
279 2062 465 2126 progressus
489 2043 577 2104 milia
599 2061 752 2124 passuum
774 2041 882 2123 XXV,
907 2059 1017 2122 agmen
1042 2040 1249 2103 Haeduorum
1274 2058 1351 2103 con-

280 2152 432 2232 spicatur,
456 2150 599 2212 immisso
624 2150 769 2230 equitatu
792 2150 853 2211 iter
876 2167 985 2211 eorum
1010 2154 1153 2209 moratur
1176 2152 1271 2229 atque
1290 2148 1351 2209 im-

280 2256 368 2339 pedit
399 2256 625 2336 interdicitque
659 2255 822 2336 omnibus,
854 2274 895 2317 ne
924 2273 1120 2336 quemquam
1148 2253 1350 2317 interficiant.

254 2388 266 2429 s
280 2361 529 2444 Eporedorigem
553 2367 585 2425 et
598 2361 853 2443 Viridomarum,
878 2381 958 2444 quos
980 2362 1028 2423 illi
1043 2360 1224 2424 interfectos
1241 2362 1350 2423 existi-

254 2467 423 2548 emabant,
445 2469 530 2531 inter
552 2470 676 2550 equites
692 2470 813 2533 versari
829 2486 968 2549 suosque
984 2468 1140 2551 appellare
1162 2467 1260 2530 iubet.
1300 2468 1351 2529 his
1365 2487 1393 2529 rs

282 2575 418 2656 cognitis
441 2580 472 2637 et
493 2574 647 2638 Litavicci
668 2575 781 2639 fraude
804 2580 966 2658 perspecta
988 2574 1118 2638 Haedui
1142 2594 1258 2637 manus
1281 2579 1351 2637 ten-

282 2682 356 2745 dere
379 2687 410 2744 et
433 2681 629 2744 deditionem
651 2681 832 2765 significare
860 2688 891 2745 et
914 2682 1063 2764 proiectis
1091 2682 1186 2745 armis
1214 2686 1351 2745 mortem

254 2815 266 2858 7
282 2790 445 2870 deprecari
460 2788 628 2871 incipiunt.
662 2788 843 2852 Litaviccus
859 2807 932 2851 cum
949 2789 1015 2851 suis
1032 2788 1216 2869 clientibus,
1233 2788 1351 2869 quibus

279 2914 368 2958 more
393 2894 556 2957 Gallorum
579 2896 667 2958 nefas
695 2901 744 2959 est
767 2897 862 2958 etiam
887 2896 920 2957 in
945 2900 1088 2957 extrema
1110 2895 1238 2957 fortuna
1262 2896 1350 2958 dese-

224 3022 260 3073 41
279 3021 350 3065 rere
382 3008 543 3085 patronos,
579 3002 768 3085 Gergoviam
803 3002 951 3085 profugit.
1007 3000 1120 3064 Caesar
1151 3002 1276 3064 nuntiis
1310 3003 1377 3064 adi

281 3110 443 3173 civitatem
458 3107 666 3172 Haeduorum
683 3110 802 3190 missiS,
827 3111 881 3191 qui
901 3128 959 3172 suo
976 3108 1129 3171 beneficio
1146 3113 1350 3171 conservatos

281 3215 432 3278 docerent
465 3235 545 3297 quos
577 3217 647 3279 iure
674 3215 751 3278 belli
778 3215 958 3279 interficere
986 3216 1153 3298 potuisset,
1182 3214 1350 3295 tribusque

279 3322 367 3385 horis
396 3320 520 3406 [noctis]
549 3324 704 3386 exercitui
732 3324 772 3385 ad
802 3325 941 3405 quietern
971 3323 1052 3385 datis
1081 3326 1181 3385 castra
1208 3322 1249 3384 ad
1274 3320 1349 3385 Ger-

254 3429 406 3511 agoviam
430 3436 545 3492 movet.
591 3430 695 3492 medio
719 3430 785 3493 fere
808 3431 922 3492 itinere
946 3430 1069 3512 equites
1094 3448 1112 3490 a
1134 3428 1233 3491 Fabio
1260 3429 1378 3491 missis

371 3658 412 3711 12.
434 3660 467 3711 13
486 3659 638 3727 prouiderat
651 3666 689 3728 χβ
720 3660 729 3729 lt
763 3661 795 3713 15
815 3659 900 3727 possit
924 3659 1047 3725 Vascos.;
1066 3659 1157 3725 posset
1174 3658 1205 3711 X

369 3749 416 3801 40.
437 3747 453 3799 2
472 3748 542 3815 qnod
562 3768 592 3814 a,
612 3748 656 3816 qui
673 3755 691 3815 β
722 3749 731 3817 ll
767 3748 831 3802 60.
852 3766 904 3801 om..
926 3768 942 3799 u
980 3753 988 3817 tt
1024 3747 1166 3815 lreliquit
1184 3766 1205 3798 π
1242 3748 1251 3815 b
1288 3747 1350 3801 7.8

279 3836 379 3889 litaulci
399 3836 455 3904 S(f)
488 3839 497 3907 ll
528 3837 656 3904 8repe1it
669 3837 702 3904 83
721 3836 879 3905 repperitX
908 3838 916 3907 ll
949 3837 1077 3905 9fugisse
1092 3857 1109 3887 a
1141 3837 1149 3904 ll
1183 3836 1350 3890 11.12con-

280 3926 396 3993 spicatas
416 3946 433 3978 u
471 3924 479 3997 ll
517 3927 550 3978 14
563 3926 754 3995 cporidorigcnr
768 3947 786 3978 a
822 3925 830 3998 ll
869 3928 901 3980 15
915 3926 1041 3995 appellari
1055 3926 1092 3993 Sp
1128 3924 1137 3997 b
1172 3925 1233 3979 Iisl
1269 3924 1278 3996 i
1316 3926 1349 3979 16

278 4014 430 4084 litiuiccirp
467 4014 475 4086 ΙΙ
514 4017 545 4067 17
566 4018 593 4069 et
611 4032 663 4068 om.
684 4035 701 4066 a
738 4014 746 4087 Η
784 4017 830 4083 (et)
845 4016 1004 4069 deditionem
1018 4015 1167 4085 significare
1185 4015 1235 4068 del.
1249 4014 1323 4069 Paul
1341 4013 1351 4085 lt

280 4104 314 4157 18
333 4103 456 4157 litauicus
475 4104 528 4172 “(f)
566 4103 574 4175 Η
611 4104 646 4158 20
664 4105 779 4173 perfugit
797 4112 814 4173 β

368 4196 414 4248 11.
433 4194 451 4245 4
469 4193 554 4246 noctis
573 4194 622 4247 det.
642 4195 744 4248 aGo'ler
779 4194 789 4266 i
826 4196 841 4249 5
861 4196 945 4248 mouit
965 4214 982 4245 u
