3134 4859
514 332 621 386 LIBER
639 332 660 385 1.
681 331 757 387 onP.
778 332 896 385 31-33.
1198 318 1238 379 21

170 516 274 560 sarem
307 496 357 559 vel
392 497 580 559 auctoritate
613 514 670 557 sua
703 498 800 575 atque
838 494 999 558 exercitus
1036 495 1085 558 vel
1121 496 1240 558 recenti

170 604 304 667 victoria
336 603 388 665 rel
416 604 545 665 nomine
573 602 684 685 populi
711 601 850 665 Romani
877 601 1035 665 deterrere
1063 620 1168 683 posse,
1199 620 1240 664 ne

170 712 273 773 maior
302 709 473 773 multitudo
504 708 737 771 Germanorum
764 708 913 771 Rhenum
940 706 1137 786 traducatur,
1167 707 1240 772 (ial-

120 840 156 882 -so
170 818 311 899 liamque
348 834 474 879 omnem
513 814 552 877 ab
585 815 741 878 Ariovisti
777 814 896 877 iniuria
932 833 1025 896 posse
1063 814 1239 879 defendere.

144 922 241 988 rHac
270 924 413 987 oratione
449 922 488 985 ab
517 921 683 985 Diviciaco
716 921 825 985 habita
853 941 977 1002 omnes,
1012 921 1068 1003 qui
1100 922 1239 1003 aderant,
1258 928 1295 984 82

170 1050 287 1113 magno
315 1028 393 1093 fletu
421 1029 578 1092 auxilium
607 1051 625 1093 a
649 1026 781 1092 Caesare
809 1033 916 1111 petere
944 1034 1125 1112 coeperunt.
1173 1030 1268 1095 ani-a

171 1136 341 1207 madvertit
360 1134 474 1199 Caesar
494 1154 577 1198 unos
601 1154 643 1199 ex
668 1134 818 1199 omnibus
837 1134 1003 1218 Sequanos
1026 1136 1106 1198 nihil
1130 1154 1241 1198 earum

171 1261 276 1305 rerum
314 1238 428 1321 lae'ere,
467 1261 545 1324 quas
578 1236 678 1305 c'eteri
709 1244 864 1322 facerent,
900 1243 956 1305 sed
993 1243 1100 1305 tristes
1138 1235 1240 1325 c'apite

144 1348 308 1414 ademisse
332 1353 447 1411 terram
470 1350 598 1412 intueri.
637 1351 706 1413 eius
724 1351 772 1413 rei
792 1368 873 1431 quae
892 1368 989 1412 causa
1008 1354 1090 1412 esset
1108 1350 1240 1412 miratus

171 1474 212 1518 err
231 1456 310 1538 ipsis
330 1457 473 1539 quaesiit.
511 1456 593 1519 nihil
613 1456 753 1538 Sequani
772 1456 978 1539 respondere,
1002 1455 1110 1519 sedin
1130 1456 1268 1522 eadema

171 1562 300 1625 tristitia
323 1564 411 1625 taciti
436 1581 630 1645 permanere.
677 1582 751 1626 cum
780 1562 820 1625 ah
848 1564 898 1625 his
921 1564 1048 1645 saepius
1072 1568 1241 1645 quaereret

169 1688 275 1750 neque
299 1669 399 1731 ullam
418 1670 548 1732 omniuo
574 1688 683 1733 vocem
704 1670 884 1752 exprimere
902 1674 1021 1752 posset,
1044 1669 1130 1732 idem
1149 1667 1240 1732 Divi-

170 1776 276 1839 ciacus
296 1775 452 1839 Haeduus
474 1776 651 1860 respondit:
677 1776 736 1839 hoc
755 1794 824 1840 esse
843 1777 1043 1838 miseriorem
1066 1781 1097 1838 et
1116 1777 1268 1858 gravio-4

87 1876 98 1903 '
129 1905 156 1947 10
169 1901 238 1945 rem
266 1884 425 1946 fortunam
450 1881 799 1965 Sequanorum-quam
826 1882 1037 1964 reliquorum,
1066 1883 1152 1964 quod
1180 1883 1241 1945 soli

168 2008 210 2053 ne
238 1990 273 2051 in
302 1990 426 2053 occulto
462 1990 591 2071 quidem
621 1991 711 2072 queri
745 2008 850 2072 neque
884 1990 1042 2052 auxilium
1071 1989 1241 2071 implorare

169 2097 324 2159 auderent
347 2096 550 2179 absentisque
575 2096 729 2160 Ariovisti
757 2096 991 2174 crudelitatem,
1018 2096 1107 2159 velut
1134 2096 1161 2158 si
1189 2116 1240 2159 co-

169 2223 238 2265 ram
272 2204 409 2280 adesset,
442 2204 620 2278 horrerent,
653 2208 819 2287 propterea
851 2203 938 2286 quod
969 2203 1103 2285 rehquis
1134 2207 1267 2270 tamena

169 2310 262 2394 fugae
281 2311 415 2373 facultas
436 2309 578 2389 daretur,
602 2308 759 2392 Sequanis
777 2329 865 2389 vere,
886 2311 943 2394 qui
961 2311 1045 2373 intra
1062 2309 1144 2374 fines
1164 2328 1240 2373 suos

128 2439 155 2479 15
169 2418 368 2481 Ariovistum
386 2418 593 2501 recepissent,
615 2436 753 2499 quorum
774 2417 891 2501 oppida
911 2419 1019 2480 omnia
1034 2418 1068 2479 iu
1084 2422 1239 2500 potestate

170 2525 239 2587 eius
263 2530 380 2604 essent,
404 2544 514 2588 omues
539 2525 697 2588 cruciatus
721 2531 828 2589 essent
849 2523 1037 2607 perferendi.
1110 2588 1115 2598 ,

143 2654 155 2693 1
259 2630 320 2694 His
336 2631 432 2695 rebus
448 2632 583 2715 cognitis
596 2631 712 2695 Caesar
722 2630 887 2695 Gallorum
903 2633 1026 2695 animos
1041 2631 1148 2695 verbis
1164 2650 1239 2694 oon·
1256 2648 1294 2703 33

167 2737 308 2801 firmavit
333 2738 559 2821 pollicitusque
592 2745 640 2802 est
671 2738 731 2801 sibi
767 2756 837 2801 eam
864 2757 932 2801 rem
961 2757 1056 2801 curae
1083 2738 1238 2817 futuram,
1285 2781 1287 2790 .

168 2864 317 2928 magnam
345 2863 379 2907 se
407 2844 522 2907 habere
550 2864 638 2928 spem
665 2850 696 2909 et
723 2844 880 2908 beneficio
909 2864 967 2908 suo
991 2850 1023 2907 et
1051 2846 1239 2908 auctoritate

169 2952 342 3015 adductum
366 2952 566 3015 Ariovistum
593 2950 690 3015 finem
719 2953 846 3015 iniuriis
873 2951 1041 3014 facturum.
1088 2952 1148 3013 hac
1171 2970 1239 3013 ora-

141 3060 254 3122 stione
277 3059 385 3122 habita
413 3059 589 3146 concilium
613 3059 740 3122 dimisit.
792 3064 825 3123 et
850 3058 1026 3121 secundum
1054 3077 1091 3121 ea
1119 3057 1268 3124 multaea

167 3164 218 3229 res
243 3185 318 3229 eum
340 3165 565 3244 hortabantur,
591 3184 688 3247 quare
712 3165 774 3228 sibi
798 3184 869 3228 eam
891 3184 959 3228 rem
983 3165 1184 3248 cogitandam
1209 3171 1240 3229 et

167 3274 403 3355 suscipiendam
426 3278 564 3355 putaret,
587 3273 621 3335 iu
637 3274 748 3356 primis
764 3272 850 3355 quod
866 3270 1019 3335 Haeduos
1035 3272 1148 3335 fratres
1164 3292 1239 3336 con-

168 3382 424 3462 sanguineosque
448 3398 541 3461 saepe
564 3398 698 3442 numero
723 3401 745 3443 a
764 3385 877 3441 senatu
894 3379 1065 3462 appellatos
1088 3380 1123 3442 in
1140 3381 1238 3444 servi-

167 3491 236 3550 tute
252 3492 347 3569 atque
362 3488 397 3549 in
414 3487 540 3550 dicione
555 3485 684 3549 videbat
697 3484 930 3549 Germanorum
946 3488 1047 3550 teneri
1062 3505 1238 3571 eorumque

127 3613 154 3655 ro
168 3593 294 3657 obsides
322 3612 390 3656 esse
419 3593 503 3677 apud
531 3594 732 3656 Ariovistum
761 3613 798 3657 ac
826 3591 992 3675 Sequanos
1019 3594 1237 3677 intellegebat,

169 3702 255 3783 quod
277 3702 311 3763 in
335 3706 423 3765 tauto
447 3701 581 3784 imperio
605 3700 715 3784 populi
729 3702 866 3764 Romani
886 3702 1107 3784 turpissimum
1130 3702 1239 3765 sibiet

257 3949 291 4003 59
311 3949 453 4003 reducatur
471 3948 518 4018 Mp

255 4056 301 4111 32.
322 4056 338 4109 3
357 4071 424 4110 unos
446 4074 528 4122 ηοω
552 4056 592 4109 ed.
612 4058 640 4125 13
663 4072 733 4110 unus
751 4056 783 4111 X
816 4057 824 4123 ll
861 4058 877 4109 7
900 4072 1056 4124 permanere
1074 4056 1155 4125 qod,
1177 4072 1238 4122 per·

166 4156 289 4199 mansere
308 4144 393 4211 ABbss
422 4147 432 4213 ll
466 4147 499 4205 13
518 4150 608 4199 tamen
627 4164 661 4215 (p,
681 4148 786 4201 tantum
799 4145 882 4215 xB²p

256 4252 302 4307 33.
323 4254 339 4306 5
359 4252 465 4305 dimisit.
487 4252 533 4321 [et]
553 4252 616 4305 HM
644 4254 652 4320 ll
685 4252 701 4306 9
721 4252 824 4306 dicione
844 4270 874 4319 c3
894 4252 1027 4305 deditione
1045 4246 1108 4318 Bp
