3134 4859
313 327 378 389 176
713 340 820 395 BELLI
838 340 981 394 CALLICI

312 504 398 585 quod
422 503 516 588 paulo
540 506 700 567 incautius
717 504 876 567 custodias
899 504 934 566 in
953 523 1044 567 muro
1062 504 1229 587 dispositas
1245 503 1382 586 videbat,

312 631 387 675 snos
416 630 544 693 quoque
571 610 756 695 languidius
789 612 823 672 in
851 628 945 693 opere
973 612 1093 673 versari
1119 611 1214 673 iussit
1245 617 1277 673 et
1305 611 1409 693 quida

281 717 382 781 alieri
404 718 501 781 vellet
525 717 662 780 ostendit
676 718 922 800 legionibusque
946 716 1043 801 [intra
1058 716 1180 801 vineas]
1205 718 1382 781 inocculto

311 826 469 908 expeditis
502 825 697 905 cohortatus,
730 829 765 886 ut
798 824 968 905 aliquando
1000 842 1058 907 pro
1090 826 1188 887 tantis
1221 823 1384 888 laboribus

311 932 451 995 fructum
465 933 619 995 victoriae
633 932 845 1014 perciperent,
870 932 921 1012 iis,
946 931 1002 1013 qui
1018 932 1114 1013 primi
1127 951 1257 993 murum
1273 950 1384 995 ascen-

283 1040 446 1118 edissent,
469 1039 610 1121 praemia
632 1039 799 1121 proposuit
821 1037 1039 1120 militibusque
1055 1039 1183 1121 signum
1200 1039 1296 1102 dedit.
1335 1038 1384 1101 illi

312 1146 417 1208 subito
441 1164 483 1208 ex
506 1145 655 1208 omnibus
678 1144 821 1227 partibus
845 1145 1052 1208 evolaverunt
1079 1163 1272 1227 murumque
1301 1146 1430 1211 cele-10

252 1266 292 1319 28
310 1255 388 1315 riter
410 1253 658 1335 compleverunt.
704 1252 822 1315 Hostes
846 1270 880 1315 re
904 1270 986 1314 nova
1008 1254 1167 1334 perterriti
1196 1272 1288 1315 muro
1316 1259 1415 1318 tur-1

312 1360 465 1440 ribnsque
496 1359 610 1422 deiecti
637 1360 672 1421 in
695 1360 828 1421 loro'ac
856 1359 934 1421 locis
961 1358 1193 1442 patentioribus
1221 1361 1385 1422 cuneatim

312 1466 536 1546 constiterunt,
561 1465 620 1528 hoe
643 1466 763 1547 animo,
787 1470 836 1545 ut,
860 1467 887 1529 si
903 1484 967 1547 qua
982 1485 1023 1529 ex
1038 1472 1128 1548 parte
1152 1465 1277 1529 obviam
1296 1464 1385 1549 [con-

282 1572 372 1656 atra]
396 1575 572 1653 veniretur,
597 1574 664 1635 acie
686 1573 843 1635 instructa
867 1572 1093 1656 depugnarent.
1140 1572 1196 1636 ubi
1220 1576 1384 1637 neminem

313 1681 346 1742 in
370 1698 508 1760 aequum
531 1679 638 1741 locum
661 1696 730 1742 sese
754 1680 933 1760 demittere,
957 1678 1012 1743 sed
1037 1684 1102 1742 toto
1122 1680 1265 1761 undique
1289 1700 1416 1747 muros

311 1786 526 1850 circumfundi
550 1786 712 1868 viderunt,
735 1787 843 1865 veriti,
867 1806 908 1849 ne
931 1788 1062 1849 omnino
1082 1805 1152 1870 spes
1175 1786 1269 1870 fugae
1294 1787 1386 1849 tolle-

310 1900 412 1976 retur,
436 1894 566 1957 abiectis
589 1894 685 1956 armis
708 1894 839 1956 ultimas
864 1894 971 1977 oppidi
995 1900 1099 1977 partes
1122 1895 1301 1957 continenti
1324 1895 1385 1956 im-

280 2007 388 2085 apetu
410 2003 606 2084 petiverunt,
629 2018 766 2082 parsque
782 2000 840 2081 ibi,
865 2020 937 2063 cum
954 2007 1087 2083 angusto
1105 2001 1196 2064 exitu
1219 2007 1384 2083 portarum

311 2128 345 2171 se
369 2109 430 2191 ipsi
453 2111 645 2190 premerent,
669 2126 688 2168 a
710 2107 878 2189 militibus,
902 2126 975 2190 pars
998 2109 1062 2170 iam
1078 2128 1206 2190 egressa
1220 2110 1319 2191 portis
1343 2108 1386 2171 ab

311 2214 476 2297 equitibus
499 2220 548 2277 est
570 2214 743 2277 interfecta.
790 2232 850 2276 neo
873 2214 936 2277 fuit
959 2216 1142 2297 quisquam,
1166 2217 1223 2298 qui
1247 2216 1385 2298 praedae
1403 2239 1433 2280 ro

281 2322 461 2385 astuderet.
508 2323 554 2384 sic
578 2327 609 2384 et
633 2321 811 2385 Cenabensi
834 2322 930 2384 caede
954 2327 986 2384 et
1008 2322 1116 2385 labore
1140 2323 1244 2405 operis
1259 2324 1384 2385 incitati

311 2447 377 2491 non
393 2433 494 2491 aetate
511 2427 675 2506 confectis
698 2448 763 2490 non
779 2428 981 2507 mulieribus,
1001 2447 1065 2491 non
1081 2428 1256 2492 infantibus
1271 2448 1385 2512 peper-

280 2540 432 2598 ecernnt.
480 2534 619 2614 denique
635 2554 677 2597 ex
694 2536 782 2597 omni
798 2554 944 2615 numero,
969 2536 1025 2618 qui
1039 2535 1100 2597 fuit
1116 2537 1242 2599 circiter
1257 2538 1383 2599 milium

311 2641 384 2724 XL,
408 2643 463 2703 vix
486 2639 608 2723 DCCC,
634 2642 688 2723 qui
711 2643 814 2724 primo
839 2642 977 2706 clamore
1001 2644 1109 2707 audito
1138 2660 1172 2706 se
1200 2663 1242 2706 ex
1266 2644 1382 2727 oppido

311 2751 483 2829 eiecerunt,
521 2749 698 2812 incolumes
741 2750 781 2811 ad
818 2750 1115 2833 Vercingetorigem
1157 2757 1381 2833 pervenerunt.
1401 2772 1430 2813 re

280 2876 392 2939 equos
416 2856 470 2918 ille
494 2857 594 2918 multa
622 2856 687 2917 iam
710 2862 803 2919 nocte
832 2856 958 2920 silentio
988 2876 1029 2919 ex
1057 2857 1132 2940 fuga
1160 2859 1288 2940 excepit
1318 2857 1379 2943 <et>

311 2964 445 3044 veritus,
467 2982 509 3025 ne
534 2982 596 3044 qua
619 2964 654 3025 in
678 2964 790 3025 castris
814 2982 855 3026 ex
879 2982 991 3026 eornm
1014 2983 1173 3027 concursu
1202 2972 1233 3028 et
1261 2967 1383 3029 miseri-

311 3071 419 3133 cordia
442 3071 530 3153 vulgi
555 3071 667 3133 seditio
692 3075 847 3151 oreretur,
872 3069 931 3155 [nt]
955 3072 1065 3153 procul
1088 3072 1122 3133 in
1146 3073 1197 3135 via
1221 3073 1383 3155 dispositis

308 3177 520 3239 familiaribus
544 3178 610 3240 suis
632 3178 895 3260 principibusque
919 3179 1084 3241 civitatum
1104 3179 1311 3262 disparandos
1328 3181 1382 3245 de-

402 3374 417 3424 5
442 3387 556 3439 suosque
580 3370 731 3439 languidius
753 3392 770 3422 a
813 3372 821 3438 ll
863 3373 879 3425 6
906 3371 1107 3441 legionibusque
1132 3392 1161 3440 a,
1190 3372 1306 3442 legiones
1329 3382 1346 3439 β
1374 3373 1382 3445 d

310 3460 380 3512 intra
399 3460 492 3514 uineas
510 3467 537 3526 βς
556 3461 606 3512 del.
626 3460 696 3526 HM;
715 3464 793 3513 extra
812 3462 910 3529 (castra
928 3462 989 3514 add.
1004 3462 1036 3531 φ)
1056 3462 1149 3516 uineas
1163 3481 1193 3530 ας
1212 3463 1282 3537 inter
1295 3466 1383 3516 eastra

310 3549 456 3617 uineaeque
476 3550 569 3602 Heller
609 3551 618 3614 ΙΙ
658 3550 685 3601 in
704 3549 807 3603 occulto
826 3568 878 3603 om.
899 3568 929 3617 a,
949 3551 998 3604 del.
1018 3551 1116 3604 Morus
1157 3554 1165 3621 lt
1208 3553 1381 3620 lexpeditas

309 3638 498 3705 cohortaturt
530 3640 538 3706 ΙΙ
569 3639 637 3692 aiis
657 3639 695 3691 cd.
714 3640 742 3705 13
762 3639 804 3691 his
823 3638 853 3692 X
882 3638 890 3707 tt
921 3639 946 3692 8.
967 3640 983 3693 9
1003 3641 1221 3708 θκοθηάἰεεθῃῒβ

400 3728 446 3782 28.
467 3727 483 3779 2
503 3727 689 3795 patentibust
720 3729 728 3795 11
761 3730 785 3782 3.
806 3729 823 3780 4
842 3732 934 3782 contra
952 3729 1001 3782 del.
1021 3729 1122 3783 Foern.
1160 3730 1168 3799 lt
1205 3732 1382 3786 bdemittere

311 3816 386 3882 Ald.;
406 3816 538 3869 dimittere
557 3817 587 3869 X
615 3819 624 3885 lt
657 3818 772 3871 tarmis
791 3817 935 3885 abiectisss
966 3820 975 3887 lt
1006 3822 1094 3887 partes
1113 3818 1153 3886 X3
1171 3822 1260 3887 portas
1280 3821 1356 3874 Paul
1374 3820 1382 3893 i

308 3906 335 3957 7.
355 3905 372 3959 8
392 3906 535 3959 continenti
559 3906 662 3973 impetu
682 3925 709 3970 ας
732 3908 892 3974 continued
929 3908 937 3976 ll
976 3910 1005 3960 11
1032 3908 1070 3961 sic
1089 3908 1127 3975 X;
1151 3910 1198 3962 sed
1217 3910 1256 3977 D;
1279 3910 1356 3963 Paul
1374 3910 1382 3983 tl

308 3994 453 4047 cenabensi
473 4014 507 4061 a,
531 3997 674 4065 genabensi
693 4015 721 4065 93
740 3996 835 4065 genabi
855 4016 872 4048 α
909 3998 917 4065 ll
955 3998 987 4050 13
1012 4014 1046 4051 ex
1066 3998 1135 4050 omni
1158 4014 1188 4051 eo
1207 4015 1320 4054 numero
1338 4008 1355 4067 β
1374 4000 1382 4071 lt

313 4083 354 4135 13.
376 4085 409 4135 14
428 4084 530 4136 circiter
547 4084 598 4138 XL
616 4084 756 4152 milinmpt
788 4087 796 4150 ll
831 4088 861 4140 15
882 4086 1017 4139 eiecerunt
1036 4106 1053 4137 a
1080 4086 1088 4153 lt
1116 4087 1149 4141 16
1168 4086 1273 4142 silentio
1294 4109 1324 4157 α;
1343 4090 1382 4144 sic

308 4178 328 4237 β
360 4175 368 4238 ΙΙ
401 4175 428 4224 ot
440 4172 502 4225 odd.
518 4172 579 4225 HM
597 4176 606 4243 i
631 4175 715 4228 1617
730 4176 885 4242 peritusque
905 4175 978 4243 amq
1005 4176 1013 4243 tt
1037 4178 1069 4228 17
1090 4176 1116 4228 in
1136 4177 1229 4230 castris
1248 4194 1382 4235 concursu

308 4276 401 4314 eorum
423 4265 485 4329 ott
517 4264 525 4331 ll
558 4263 591 4316 18
611 4264 724 4317 oriretur
743 4264 874 4328 swern
905 4265 914 4332 lt
946 4267 976 4318 ut
995 4264 1044 4318 del.
1065 4266 1138 4333 EMc
