3134 4859
337 288 377 350 60
737 300 844 355 enum
862 299 1004 355 cinnor

334 466 399 529 fere
423 466 587 549 superiora
609 464 679 528 loca
702 462 911 527 multitudine
934 468 1128 527 armatorum
1151 462 1308 547 completa
1331 483 1413 527 con-

334 573 532 656 spicerentur
553 590 661 655 neque
684 570 828 635 subsidio
851 571 956 633 veniri
983 589 1089 652 neque
1112 576 1309 634 commeatus
1331 590 1413 654 sup-

305 680 451 763 eportari
474 678 656 743 interclusis
679 678 848 741 itineribus
865 684 1009 761 possent,
1031 695 1129 761 prope
1152 678 1216 740 iam
1239 677 1414 761 desperata
1428 703 1464 745 10

333 785 434 849 salute
457 805 523 849 non
546 785 654 849 nullae
678 785 850 849 eiusmodi
873 785 1051 848 sententiae
1067 784 1268 866 dicebantur,
1290 790 1328 847 ut
1348 786 1413 848 im·

333 893 523 976 pedimentis
550 890 671 957 relictis
699 892 866 976 eruptione
892 890 977 954 facta
999 890 1101 955 isdem
1123 891 1306 973 itineribus,
1335 894 1413 973 qui-

305 1000 393 1065 rbus
425 1018 462 1063 eo
495 1000 728 1082 pervenissent,
762 998 803 1061 ad
836 999 971 1062 salutem
1003 999 1241 1062 contenderent
1292 1000 1412 1063 maiori

333 1114 440 1171 tomen
464 1107 545 1190 parti
568 1105 700 1189 placuit,
724 1105 784 1169 hoc
806 1110 968 1169 reservato
992 1105 1033 1168 ad
1057 1110 1238 1169 extremum
1261 1105 1407 1190 (casum)

333 1214 467 1277 consilio
491 1214 619 1277 interim
641 1213 689 1275 rei
712 1216 864 1277 eventum
887 1212 1029 1296 experiri
1052 1218 1084 1277 et
1105 1211 1461 1278 castradefendere.15

296 1339 314 1391 4
332 1322 429 1385 Brevi
445 1321 545 1404 spatio
561 1320 739 1401 interiecto,
754 1320 813 1381 vix
827 1324 865 1382 nt
879 1320 919 1382 iis
934 1319 1040 1401 rebus,
1061 1338 1141 1402 quas
1157 1320 1408 1405 constituissent,
1427 1345 1442 1384 1

334 1426 538 1491 conlocandis
554 1430 649 1507 atque
666 1425 926 1489 administrandis
942 1430 1068 1508 tempus
1084 1426 1221 1509 daretur,
1239 1428 1347 1491 hostes
1364 1448 1409 1493 ex

335 1534 484 1598 omnibus
506 1533 649 1616 partibus
672 1534 763 1616 signo
794 1533 866 1596 dato
890 1533 1073 1614 decmrere,
1100 1532 1222 1616 lapides
1246 1553 1410 1617 gaesaque

307 1644 369 1705 ain
392 1641 513 1704 vallum
536 1641 666 1704 coicere.
712 1640 815 1702 nostri
842 1640 945 1723 primo
972 1640 1105 1723 integris
1133 1640 1256 1704 viribus
1281 1641 1411 1706 fortiter

332 1766 534 1832 propugnare
556 1766 664 1828 neque
687 1745 791 1809 ullum
812 1748 930 1809 frustm
957 1747 1057 1810 telum
1080 1766 1122 1810 ex
1149 1746 1219 1810 loeo
1243 1750 1443 1831 superiores

334 1857 469 1937 mittere,
485 1859 517 1918 et
532 1872 754 1936 quaecumque
769 1872 843 1937 pars
858 1859 1036 1917 castrorum
1050 1853 1171 1917 nudata
1185 1853 1413 1921 defensoribus

306 1963 436 2045 epremi
458 1961 641 2042 videbatur,
664 1979 702 2024 eo
726 1978 894 2024 occurrere
919 1965 950 2023 et
967 1960 1125 2023 auxilium
1146 1962 1243 2042 ferre,
1266 1962 1322 2025 sed
1346 1962 1413 2026 hoc

334 2070 492 2153 superari,
520 2068 604 2151 quod
630 2067 840 2131 diutumitete
868 2086 994 2151 pugnae
1017 2068 1124 2131 hostes
1147 2067 1263 2131 defessi
1283 2070 1412 2152 proelio

306 2175 546 2257 cercedebent,
570 2175 625 2237 alii
647 2175 779 2257 integris
799 2175 923 2237 viribus
946 2173 1172 2254 succedebant,
1197 2194 1333 2257 quarum
1356 2196 1413 2240 re-

333 2302 406 2344 rum
434 2302 453 2344 a
479 2281 597 2344 nostris
624 2284 753 2364 propter
779 2282 972 2364 paucitatem
998 2280 1068 2344 lieri
1095 2281 1177 2343 nihil
1199 2287 1335 2365 poterat,
1369 2304 1411 2347 ac
1428 2304 1457 2345 ro

333 2407 400 2452 non
427 2387 521 2451 modo
555 2385 678 2451 defesso
711 2406 752 2450 ex
783 2407 893 2470 pugna
920 2386 1111 2469 excedendi,
1143 2387 1199 2452 sed
1227 2407 1269 2452 ne
1296 2391 1409 2453 saucio

336 2495 465 2576 quidem
489 2494 558 2557 eius
581 2492 656 2574 loci,
679 2493 736 2556 ubi
759 2495 955 2576 constiterat,
977 2495 1181 2578 relinquendi
1199 2514 1237 2558 ac
1252 2496 1303 2559 sui
1325 2498 1409 2559 reci-

298 2616 316 2669 5
334 2601 444 2685 piendi
465 2600 606 2664 facultas
623 2600 764 2664 dabatur.
812 2601 893 2665 Cum
915 2602 980 2663 iam
1002 2601 1138 2684 amplius
1153 2602 1240 2665 horis
1258 2622 1316 2666 sex
1331 2622 1439 2667 con-1

334 2710 473 2773 tinenter
495 2712 693 2792 pugnaretur
720 2726 757 2771 ae
783 2728 851 2771 non
879 2708 984 2771 solum
1006 2710 1105 2789 vires,
1133 2708 1190 2772 sed
1219 2710 1314 2773 etiam
1342 2711 1408 2773 tela

333 2823 460 2880 nostros
485 2815 658 2879 deficerent
681 2819 776 2897 atque
793 2815 900 2879 hostes
920 2816 1027 2878 acrius
1049 2817 1205 2879 instarent
1226 2816 1407 2900 languidio-

333 2925 487 3006 ribusque
510 2924 628 2987 nostris
650 2921 772 2984 vallum
795 2922 941 2986 scindere
969 2927 1001 2985 et
1022 2923 1123 2986 fossas
1151 2923 1311 3007 complere
1334 2943 1407 2987 coe-

334 3033 456 3113 pissent
482 3049 598 3111 resque
627 3034 709 3093 esset
735 3030 801 3091 iam
828 3029 868 3092 ad
897 3035 1078 3094 extremum
1104 3030 1259 3113 perducta
1286 3050 1435 3113 resume

307 3139 368 3202 aP.
403 3136 533 3201 Sextius
560 3136 714 3219 Baculus,
747 3137 841 3219 primi
874 3136 931 3220 pili
968 3138 1126 3217 centurio,
1160 3155 1259 3220 quem
1290 3138 1407 3202 Nervi-

334 3264 371 3308 co
405 3245 525 3327 proelio
563 3244 780 3328 compluribus
818 3243 998 3307 confectum
1030 3243 1218 3308 vulneribus
1256 3245 1405 3328 diximus

335 3357 367 3415 et
391 3352 468 3414 item
492 3350 525 3414 O.
548 3350 746 3431 Volusenus,
778 3351 928 3413 tribunus
954 3349 1104 3433 militum,
1137 3352 1186 3414 vir
1218 3356 1250 3415 et
1281 3351 1406 3415 consilii

426 3618 458 3669 11
479 3614 650 3669 huiusmodi
670 3635 687 3666 α
719 3620 728 3683 u
761 3614 795 3668 12
814 3614 918 3669 hisdem
938 3635 956 3667 o
988 3616 997 3685 {1
1029 3614 1132 3670 14th
1150 3619 1291 3684 seruator
1318 3614 1331 3687 ll
1362 3632 1404 3671 ca·

336 3722 397 3759 sum
415 3704 477 3759 add.
497 3704 573 3759 Paul
813 3702 815 3706 ’

424 3833 452 3885 4.
473 3832 487 3883 1
508 3830 540 3883 iis
558 3829 629 3897 B²lr3
647 3829 688 3882 his
707 3830 753 3897 nl3
772 3846 826 3883 om.
842 3849 860 3881 c
891 3831 900 3899 ΙΙ
933 3829 1130 3884 2conloeandis
1144 3832 1225 3900 atque
1238 3832 1288 3885 del.
1303 3832 1379 3886 Koch
1396 3830 1405 3903 ll

335 3919 550 3973 administrandis
570 3919 613 3987 αὴ
641 3918 861 3987 ministrandisss
901 3917 917 3986 ΙΙ·
951 3921 967 3972 3
990 3919 1092 3988 lapides
1112 3938 1141 3986 a,
1169 3920 1198 3973 in
1216 3922 1299 3989 pedes
1317 3920 1379 3989 B²fl
1396 3920 1405 3993 l

336 4024 467 4078 gaesaque
484 4016 515 4077 βς
543 4024 672 4078 caesaque
693 4027 710 4059 c
746 4008 755 4075 11
792 4010 995 4077 bpropugnare
1012 4016 1041 4076 fil
1068 4025 1215 4079 repugnare
1235 4029 1252 4061 a
1293 4012 1303 4076 ΙΙ
1343 4012 1406 4065 det

336 4113 519 4167 quaecumque
537 4105 566 4165 193
586 4100 617 4151 ut
635 4113 756 4167 quaeque
775 4116 793 4148 α
1381 4094 1388 4104 “

424 4222 455 4277 ὃς
473 4224 487 4274 1
508 4236 556 4276 sex
574 4221 645 4276 horis
663 4228 681 4290 β
712 4221 720 4291 ΙΙ
753 4222 769 4275 3
788 4224 892 4276 nostros
910 4220 1051 4291 NHca'ae.;
1070 4223 1167 4278 nostris
1180 4224 1212 4277 X
