3134 4859
492 343 600 397 LIBER
618 344 666 397 III.
688 343 763 397 OAP.
783 344 884 398 9-13.
1182 332 1224 392 65

155 506 378 587 Lexoviosque
406 507 516 588 mittit,
545 508 601 588 qui
628 506 698 569 eam'
725 526 859 569 manum
887 507 1101 570 distinendam
1125 514 1223 572 curet,

154 613 193 677 D.
216 615 355 678 Brutum
378 613 615 677 adulescentem
638 614 731 677 classi
755 613 948 696 Gallicisque
972 612 1121 694 navibus,
1146 635 1252 697 quasa

155 742 198 785 ex
230 720 419 785 Pictonibus
452 725 484 784 et
515 718 664 783 Santonis
699 720 899 803 reliquisque
934 722 1055 804 pacatis
1088 724 1225 805 regioni-

154 829 217 891 bus
241 829 411 891 convenire
432 828 586 909 iusserat,
614 826 757 910 praeficit
785 833 829 908 et,
858 846 933 891 cum
955 830 1095 911 primum
1116 830 1225 911 possit,

112 957 140 998 15
155 936 191 997 in
213 936 355 998 Venetos
387 934 544 1017 proficisci
576 934 671 997 iubet.
722 936 790 1017 ipse
824 952 861 997 eo
894 934 1095 1017 pedestribus
1127 937 1225 1018 copiis

157 1042 328 1105 contendit

128 1173 141 1213 1
247 1148 347 1211 Erant
374 1150 442 1212 eins
470 1148 557 1211 modi
580 1148 645 1211 fere
669 1150 749 1211 situs
773 1148 974 1231 oppidorum,
1003 1154 1041 1211 ut
1061 1150 1166 1231 posita
1192 1151 1225 1211 in
1245 1166 1280 1219 12

158 1257 310 1318 extremis
332 1254 463 1337 lingulis
486 1257 781 1337 promunturiisque
810 1274 916 1336 neque
943 1256 1078 1338 pedibus
1104 1257 1224 1319 aditum

158 1362 323 1443 haberent,
356 1382 430 1423 cum
458 1379 500 1424 ex
528 1363 590 1425 alto
615 1381 648 1425 se
673 1367 780 1431 aestus
803 1363 1011 1443 incitavisset,
1040 1363 1127 1445 quod
1150 1362 1224 1448 [bis]

158 1468 273 1530 accidit
296 1487 419 1552 semper
442 1469 592 1532 horarum
611 1468 678 1531 XII
702 1471 817 1551 spatio,
839 1488 946 1550 neque
969 1469 1114 1552 navibus,
1139 1470 1224 1551 quod

127 1578 269 1637 arursus
292 1576 456 1638 minuente
475 1580 566 1638 aestu
588 1595 687 1638 naves
715 1577 749 1638 in
772 1575 864 1637 vadis
887 1575 1134 1639 adflictarentur.
1181 1578 1253 1641 itan

156 1686 292 1763 utraque
323 1701 359 1745 re
392 1683 581 1765 oppidorum
614 1684 807 1765 oppugnatio
842 1682 1082 1765 impediebatur.
1129 1702 1165 1745 ac
1198 1685 1253 1748 sia

157 1789 284 1869 quando
313 1788 535 1871 magnitudine
563 1790 667 1871 operis
693 1790 773 1852 forte
803 1791 956 1871 superati,
985 1795 1117 1852 extruso
1144 1792 1224 1852 mari

157 1914 270 1977 aggere
295 1914 331 1957 ac
355 1895 495 1958 molibus
519 1900 613 1976 atque
636 1896 685 1958 his
709 1897 817 1978 oppidi
840 1896 1009 1958 moenibus
1031 1895 1226 1978 adaequatis,

158 2002 324 2084 desperare
347 2003 483 2065 fortimis
507 2004 574 2064 suis
598 2008 778 2085 coeperant,
802 2022 918 2085 magno
936 2022 1071 2065 numero
1095 2005 1226 2065 navium

116 2130 143 2172 ro
158 2107 303 2191 adpulsa,
328 2110 420 2171 cuius
443 2110 490 2171 rei
514 2129 671 2171 summam
693 2110 876 2172 facultatem
899 2108 1071 2191 habebant,
1095 2129 1153 2172 sua
1173 2110 1227 2173 de-

157 2216 325 2297 portabant
357 2217 464 2277 omnia
496 2235 594 2298 seque
627 2217 660 2278 in
691 2218 839 2299 proxima
871 2216 988 2299 oppida
1013 2217 1224 2300 recipiebant:

158 2322 203 2384 ibi
239 2342 272 2385 se
308 2342 420 2385 rursus
457 2323 559 2385 isdem
601 2323 867 2406 oportunitatibus
903 2322 967 2385 loci
1004 2323 1253 2389 defendebantr

157 2429 235 2492 haec
259 2449 295 2492 eo
319 2430 444 2492 facilius
467 2450 617 2513 magnam
640 2434 761 2512 partem
790 2431 917 2493 aestatis
939 2430 1110 2512 faciebant,
1140 2431 1253 2511 quoda

158 2538 284 2599 nostrae
308 2556 407 2600 naves
435 2536 675 2620 tempestatibus
700 2536 923 2621 detinebantur
946 2557 1135 2619 summaque
1159 2542 1227 2599 erat

118 2664 145 2705 15
158 2649 246 2706 vasto
271 2648 367 2725 atque
391 2650 499 2728 aperto
522 2646 616 2727 mari,
641 2644 765 2727 magnis
790 2644 942 2724 aestibus,
964 2646 1045 2707 raris
1069 2665 1106 2707 ac
1129 2663 1227 2727 prope

132 2751 256 2813 rnullis
287 2751 431 2834 portibus
464 2751 633 2815 difficultas
669 2751 850 2833 navigandi.
905 2751 1052 2833 Namque
1085 2753 1282 2834 ipsorum13

159 2876 256 2920 naves
280 2858 428 2921 adhunc
452 2859 582 2921 modum
609 2859 710 2922 factae
739 2854 942 2939 armataeque
966 2863 1070 2920 erant:
1101 2858 1227 2919 carinae

159 2964 321 3046 aliquanto
344 2964 503 3047 planiores
528 2985 624 3048 quam
646 2970 828 3028 nostrarum
847 2965 992 3045 navium,
1017 2984 1080 3045 quo
1104 2963 1228 3026 facilius

162 3072 241 3134 vada
264 3092 301 3135 ac
325 3072 491 3135 decessum
515 3077 620 3135 aestus
644 3074 792 3154 excipere
815 3077 958 3154 possent,
983 3090 1094 3153 prorae
1119 3070 1255 3133 admo-2

132 3179 237 3241 adum
260 3185 382 3242 erectae
406 3184 500 3261 atque
524 3180 601 3241 item
616 3197 750 3261 puppes,
775 3179 816 3240 ad
837 3179 1090 3260 magnitudinem
1113 3177 1228 3239 fluctu-

160 3306 215 3347 um
247 3292 534 3369 tempestatumque
568 3286 836 3363 accommodatae,
877 3304 976 3347 naves
1009 3291 1092 3347 totae
1125 3285 1255 3348 factaea

161 3412 201 3455 ex
223 3391 337 3456 robore
361 3393 401 3455 ad
426 3393 571 3474 quamvis
595 3393 660 3455 vim
685 3396 716 3454 et
740 3392 967 3453 contmneliam
990 3393 1226 3475 perferendam,

160 3504 297 3561 menstra
312 3519 354 3563 ex
369 3500 535 3583 pedalibus
550 3500 585 3562 in
601 3499 802 3561 altitudinem
818 3498 971 3581 trabibus,
988 3499 1114 3562 confina
1130 3500 1255 3562 clariss

251 3731 281 3781 11
302 3728 473 3797 lexobiosque
494 3749 510 3780 a
552 3729 560 3797 tl
603 3730 636 3781 13
665 3728 812 3795 pictonibus
840 3727 962 3794 A²B²a23
990 3728 1145 3795 pectonibus
1169 3729 1199 3780 X
1220 3727 1228 3798 ll

163 3819 195 3870 14
214 3818 374 3886 praeterito
405 3819 413 3886 {l
445 3818 529 3887 possit
547 3818 586 3871 ed.
606 3819 633 3884 13
653 3820 743 3885 posset
761 3816 792 3869 X
821 3817 829 3884 li
864 3818 896 3870 15
916 3833 947 3870 eo
966 3816 1005 3883 X3
1025 3818 1117 3869 eodem
1140 3817 1200 3868 HM

250 3909 294 3961 12.
316 3908 331 3959 3
350 3908 390 3960 bis
411 3926 463 3974 arr,
483 3908 515 3960 iis
533 3908 562 3974 b3
583 3907 624 3959 his
644 3907 666 3973 l3
690 3907 739 3959 del.
759 3906 855 3959 thria.
888 3906 896 3973 ll
929 3906 1059 3959 reccidit
1077 3914 1104 3972 βς
1128 3906 1230 3958 accedit

163 4016 179 4047 o
211 3998 223 4063 ti
256 3996 333 4050 8his
354 4015 383 4063 a3
411 3997 531 4063 isdemss
571 3997 579 4065 Η
621 3996 712 4049 9suis
732 3996 843 4047 fortunis
863 3995 1003 4063 desperare
1024 4015 1040 4045 o
1082 3997 1090 4062 tt
1133 3995 1174 4046 10.
1196 3997 1225 4044 11

162 4086 249 4138 omnia
271 4102 319 4138 sua
342 4086 547 4154 deportabantp
588 4086 596 4153 ll
640 4086 672 4137 12
691 4084 741 4137 loci
760 4083 1015 4151 oportunitatibusp
1055 4086 1064 4148 t!
1107 4085 1139 4135 15
1163 4082 1230 4135 mari

162 4191 268 4244 magno,
288 4175 406 4228 aestibus
425 4175 490 4228 raris
510 4195 531 4244 φ

251 4265 296 4320 13.
315 4264 332 4317 8
352 4281 386 4317 ex
405 4282 457 4316 orn.
478 4285 494 4315 a

207 4370 285 4413 Caesar
298 4372 316 4416 l.
332 4370 365 4414 ed.
380 4371 470 4413 Mensel.
1054 4369 1070 4418 5
