3134 4859
323 302 387 363 128
718 314 823 368 BELLI
842 314 984 369 GALLICI

288 505 292 513 ·
322 497 434 541 omnes
456 484 561 561 partes
581 478 722 540 dimissis
738 477 895 561 explorat,
919 497 982 559 quc
999 475 1253 540 commodissime
1277 476 1390 539 itinero

260 592 306 647 ab
323 585 439 647 vallem
462 586 597 648 transire
620 585 726 668 possit
772 582 819 646 Eo
844 584 895 647 die
917 583 1060 666 parvulis
1084 582 1285 664 equestribus
1301 601 1418 665 prce-1

322 692 374 755 liis
406 692 447 753 ad
480 710 597 772 aquarn
628 691 719 753 factis
751 691 882 773 utrique
907 709 983 755 ‚sese
1017 709 1074 753 suc
1107 689 1176 752 loco
1211 690 1390 751 continent:

293 798 419 879 ablalli,
442 798 528 879 quod
552 797 719 880 ampliores
742 798 862 880 copiae,
891 815 972 879 quae
995 796 1140 859 nondum
1168 800 1393 876 convenerant,

290 904 546 988 eexpectabant,
581 902 708 987 Caesar,
741 904 768 966 si
795 904 874 967 forte
902 903 1025 967 timoris
1053 902 1256 967 simulatione
1285 902 1393 965 hostes

323 1012 358 1073 in
381 1030 477 1074 suum
499 1011 607 1073 locum
630 1010 745 1074 elicere
768 1016 886 1093 posset,
910 1016 946 1073 ut
969 1010 1049 1073 citra
1072 1008 1189 1073 vallem
1208 1028 1264 1091 pro
1281 1010 1421 1073 castriso

322 1118 442 1201 proelio
465 1118 685 1196 contenderet;
717 1118 745 1179 si
768 1117 801 1179 id
825 1116 950 1181 efficere
978 1135 1042 1179 non
1071 1122 1190 1200 posset,
1219 1122 1256 1179 ut
1283 1116 1394 1198 explo-

322 1225 400 1287 ratis
433 1224 601 1287 itineribus
635 1226 759 1287 minore
793 1242 866 1286 curn
898 1223 1039 1307 periculo
1074 1222 1189 1285 vallem
1221 1224 1395 1303 rivumque

292 1332 480 1395 atransiret.
526 1332 629 1413 prima
651 1331 723 1393 luce
745 1331 886 1393 hostium
910 1332 1070 1412 equitatus
1093 1330 1134 1392 ad
1150 1334 1253 1393 castra
1272 1329 1396 1393 accedit

290 1437 548 1519 aproeliumque
581 1456 655 1499 cum
687 1437 804 1499 nostris
841 1436 1004 1518 equitibus
1041 1436 1216 1499 committit.
1277 1435 1397 1499 Caesar

323 1542 469 1606 consulto
502 1543 628 1625 equites
660 1544 772 1607 cedere
805 1561 903 1624 seque
931 1544 965 1605 in
993 1548 1095 1606 castra
1122 1544 1263 1626 recipere
1295 1542 1396 1624 iubet,
1412 1564 1437 1605 io

322 1650 418 1712 simul
452 1668 494 1712 ex
525 1650 675 1714 omnibus
707 1650 849 1734 partibus
882 1655 984 1713 castra
1012 1650 1123 1712 altiore
1156 1649 1239 1712 vallo
1272 1650 1397 1712 muniri

323 1761 494 1839 portasque
517 1757 640 1819 obstrui
663 1762 759 1838 atque
781 1758 816 1819 iu
839 1756 889 1819 his
905 1756 1164 1819 administrandis
1183 1755 1279 1819 rebus
1296 1774 1397 1837 quarn

324 1864 465 1926 maximo
489 1865 673 1927 concursari
695 1869 825 1927 etcum
848 1863 1050 1927 simulatione
1074 1864 1125 1945 agi
1148 1864 1271 1927 timoris
1294 1862 1396 1925 iubet.

263 1984 304 2037 51
324 1967 448 2043 Quibus
483 1969 632 2033 omnibus
664 1970 761 2037 rebus
793 1970 899 2033 hostes
930 1970 1057 2033 inritati
1085 1970 1192 2053 copias
1221 1968 1424 2033 traducuntr

296 2077 490 2158 rabiemque
513 2078 623 2158 iniquo
646 2077 717 2139 loco
741 2078 952 2158 constituunt,
980 2077 1097 2139 nostris
1124 2095 1200 2140 vero
1229 2078 1325 2140 etiam
1354 2076 1397 2141 de

325 2183 409 2246 vallo
433 2183 578 2247 deductis
601 2184 732 2266 propius
755 2184 912 2247 accedunt
935 2188 966 2247 et
989 2184 1051 2247 tela
1073 2184 1158 2247 intra
1180 2185 1398 2247 munitionem

292 2308 368 2352 aex
383 2290 533 2352 omnibus
552 2290 693 2373 partibus
711 2291 853 2354 coiciunt
867 2290 1144 2373 praeconibusque
1164 2291 1397 2353 circummissis

324 2396 526 2478 pronuntiari
558 2396 682 2478 iubent,
715 2416 773 2460 seu
802 2399 873 2478 quis
901 2397 1012 2461 Gallus
1039 2416 1097 2459 seu
1124 2397 1288 2461 Romanus
1316 2398 1425 2461 velita

324 2507 398 2564 ante
422 2502 532 2564 horam
555 2504 681 2566 tertiam
708 2504 747 2566 ad
775 2523 810 2567 se
833 2505 984 2586 transire,
1012 2506 1081 2569 siue
1110 2504 1252 2587 periculo
1280 2504 1395 2585 licere;

291 2613 396 2691 apost
417 2609 450 2672 id
474 2613 597 2692 tempus
621 2628 684 2672 non
708 2610 774 2673 iore
797 2615 993 2693 potestatem.
1040 2631 1077 2674 ac
1100 2612 1145 2673 sic
1167 2616 1293 2674 nostros
1317 2630 1397 2676 con·

324 2721 533 2799 tempserunt,
556 2722 593 2779 ut
616 2716 788 2780 obstructis
811 2719 846 2780 in
869 2719 1005 2800 speciem
1028 2718 1126 2800 portis
1150 2718 1286 2800 singulis
1310 2719 1397 2781 ordi-

323 2823 422 2886 nibus
444 2824 633 2905 caespitum,
658 2823 744 2904 quod
768 2842 806 2886 ea
830 2843 894 2887 non
922 2843 1015 2906 posse
1042 2826 1276 2907 introrumpere
1305 2825 1396 2888 vide-

324 2931 454 3011 bantur,
483 2930 538 2993 alii
561 2930 682 2992 vallum
709 2948 809 2992 manu
837 2929 995 3012 scindere,
1024 2930 1080 2993 alii
1106 2929 1207 2993 fossas
1235 2932 1438 3013 complerem

291 3037 511 3120 sinciperent.
562 3043 631 3101 tum
659 3036 776 3100 Caesar
804 3037 955 3100 omnibus
982 3038 1081 3120 portis
1113 3038 1279 3120 eruptione
1311 3038 1397 3101 facta

323 3146 534 3225 equitatuque
558 3145 673 3208 emisso
697 3143 845 3207 celeriter
868 3144 974 3207 hostes
997 3145 1030 3206 in
1054 3144 1162 3226 fugam
1186 3143 1252 3225 dat,
1276 3145 1322 3207 sic
1345 3146 1397 3208 uti

323 3251 455 3314 omnino
479 3252 645 3334 pugnandi
672 3269 768 3313 causa
790 3251 950 3314 resisteret
973 3269 1078 3334 nemo,
1107 3269 1323 3333 magnumque
1352 3269 1397 3315 ex

324 3357 364 3417 iis
388 3375 558 3419 numerum
582 3357 698 3420 occidit
720 3360 816 3438 atque
841 3375 951 3420 omnes
975 3358 1070 3420 armis
1094 3358 1191 3419 exuit.

262 3473 306 3527 52
413 3461 554 3545 Longius
576 3465 728 3547 prosequi
747 3464 881 3544 veritus,
906 3463 991 3546 quod
1011 3464 1109 3527 silvae
1127 3463 1324 3547 paludesque
1343 3465 1422 3527 in-1

325 3568 529 3633 tercedebant
543 3569 660 3654 [neque
680 3572 775 3634 etiarn
790 3571 924 3654 parvulo
940 3571 1128 3634 detrimento
1143 3570 1271 3633 illorum
1286 3570 1395 3634 locum

414 3745 445 3796 21
467 3746 714 3813 commodissimop
745 3746 754 3814 ll
787 3746 821 3798 22
840 3745 922 3799 ualles
943 3745 1030 3815 (uallis
1051 3746 1082 3815 S)
1102 3766 1119 3797 a
1151 3748 1160 3812 ll
1193 3749 1317 3815 possetp

413 3834 459 3887 ὅθ.
479 3834 495 3885 2
514 3849 573 3887 sese
593 3853 622 3901 (ις
642 3850 671 3887 se
689 3836 751 3900 inp
780 3835 789 3903 ll
820 3836 999 3901 deificorum
1018 3835 1109 3902 tierip
1141 3836 1149 3905 'p
1182 3836 1395 3889 'lniinorecunr

322 3940 355 3989 u3
375 3922 476 3975 minore
496 3940 529 3988 ης
549 3939 565 3976 a
583 3922 717 3992 minorcp
749 3924 757 3991 ll
792 3925 822 3976 ll
844 3924 982 3989 muniress
1013 3925 1022 3993 ll
1056 3924 1088 3977 13
1107 3923 1182 3977 iubet
1200 3924 1250 3977 dal.
1270 3924 1362 3977 *Paul

413 4011 458 4065 51.
479 4010 495 4062 2
515 4012 547 4064 dc
567 4018 665 4078 caepi
700 4012 708 4079 ll
745 4014 829 4066 5seu
848 4012 907 4080 quis
926 4019 1086 4079 romanusp
1118 4014 1126 4083 ll
1158 4014 1239 4067 deas
1259 4033 1276 4064 a
1313 4016 1321 4084 ll
1361 4014 1395 4067 12

319 4100 371 4153 dat
389 4100 479 4153 hostes
498 4102 525 4152 in
544 4101 668 4169 fugamp
699 4102 707 4170 ll
740 4103 804 4167 utp
836 4102 843 4169 ll
878 4102 961 4154 iliis
982 4100 1019 4170 A3
1039 4102 1077 4155 eis
1097 4120 1131 4171 qq
1151 4102 1193 4155 his
1216 4102 1256 4169 Op

413 4190 459 4243 52.
479 4190 491 4241 1
507 4189 630 4258 prosequi
643 4189 739 4258 noluit,
752 4190 882 4256 ueritusp
905 4196 913 4257 ll
937 4191 953 4243 2
967 4190 1043 4244 illurn
1056 4191 1109 4244 SM
1114 4190 1135 4258 ²3
1149 4190 1233 4244 ullum
1250 4190 1394 4259 Lambia.;

318 4294 434 4331 suorum
452 4278 547 4333 baria.
580 4279 588 4347 ll
620 4279 707 4332 locum
727 4286 809 4345 cosp
