3134 4859
304 307 366 369 170
703 321 808 375 BELLI
827 320 970 375 GALLICI

241 492 282 545 18
303 491 337 547 ut
352 502 409 568 per
425 502 478 547 eos
494 484 534 547 ad
551 483 716 548 Caesarem
735 484 942 547 deferrentur.
982 481 1060 546 Cum
1077 483 1141 545 iam
1158 502 1249 546 muro
1267 488 1373 545 turres
1389 506 1401 547 1

301 591 620 673 adpropinquassent,
649 610 691 653 ex
719 592 851 674 captivis
877 589 992 653 Caesar
1020 590 1169 671 cognovit
1195 590 1373 671 Vercinge-

301 698 437 780 torigem
465 702 651 782 consumpto
674 697 791 780 pabulo
816 702 917 760 castra
940 697 1079 760 movisse
1102 696 1234 779 propius
1256 696 1374 759 Avari-

300 824 373 867 cum
408 810 503 887 atque
531 805 637 887 ipsum
664 822 737 867 cum
766 805 912 886 equitatu
940 804 1174 886 expeditisque,
1204 804 1260 885 qui
1288 804 1374 865 iuter

300 912 425 994 equites
457 912 607 994 proeliari
638 916 858 993 consuessent,
895 910 1068 974 insidiandi
1101 930 1197 973 causa
1228 928 1265 973 eo
1299 928 1404 992 pro-5

299 1019 432 1100 fectum,
457 1037 520 1099 quo
542 1023 668 1081 nostros
683 1024 810 1101 postero
835 1017 886 1081 dio
903 1017 1089 1101 pabulatum
1112 1022 1264 1080 venturos
1288 1016 1373 1079 arbi-

270 1132 446 1189 2traretur.
493 1125 609 1207 quibus
633 1124 728 1188 rebus
752 1125 889 1207 cognitis
913 1124 1020 1187 media
1040 1129 1132 1187 nocte
1149 1124 1276 1187 silentio
1299 1143 1373 1206 pro-

269 1234 399 1297 afectus
423 1231 462 1294 ad
486 1233 625 1295 hostium
648 1238 749 1295 castra
773 1250 866 1293 mane
889 1232 1042 1314 pervenit.
1088 1230 1137 1293 illi
1154 1230 1300 1294 celeriter
1314 1250 1373 1313 per

301 1340 518 1422 exploratores
542 1339 682 1401 adventu
706 1338 849 1401 Caesaris
873 1339 1000 1421 cognito
1029 1356 1134 1400 carros
1162 1338 1373 1420 impedimen-

300 1452 396 1526 taque
418 1446 534 1508 suain
559 1446 691 1508 artiores
718 1445 814 1508 silvas
838 1445 1038 1526 abdiderunt,
1067 1446 1173 1527 copias
1202 1463 1312 1507 omues
1336 1444 1372 1505 in
1388 1466 1420 1508 10

272 1553 370 1615 aleco
403 1552 488 1616 edito
521 1559 616 1633 atque
650 1556 757 1635 aperto
790 1554 1021 1615 instruxerunt,
1073 1570 1137 1632 qua
1163 1570 1197 1615 re
1223 1552 1372 1613 nuntiata

301 1658 416 1722 Caesar
448 1659 592 1722 celeriter
624 1660 763 1722 sarcinas
797 1658 948 1739 conferri,
981 1678 1069 1720 arma
1096 1658 1240 1741 expediri
1268 1660 1371 1721 iussit.

240 1780 282 1834 19
300 1764 397 1829 Collis
420 1770 487 1829 erat
509 1766 625 1829 leniter
648 1765 687 1829 ab
711 1766 821 1828 infimo
846 1766 985 1828 acclivis.
1036 1766 1122 1827 hunc
1151 1784 1193 1828 ex
1221 1765 1403 1828 omnibusr

298 1874 364 1937 lere
387 1873 533 1957 partibus
555 1874 647 1956 palus
671 1872 809 1935 difficilis
834 1878 929 1955 atque
952 1872 1104 1955 impedita
1132 1870 1281 1954 cingebat
1302 1891 1371 1933 non

260 2004 286 2058 ,2
300 1981 392 2043 latior
414 1980 551 2063 pedibus
574 1979 611 2041 L.
658 1981 719 2042 hoo
741 1999 775 2042 se
800 1980 879 2042 colle
908 1980 1090 2061 interruptis
1113 1978 1266 2061 pontibus
1287 1978 1372 2041 Galli

299 2086 416 2150 fiducia
439 2087 502 2150 loci
525 2086 733 2150 continebant
755 2086 996 2169 generatimque
1025 2085 1187 2149 distributi
1216 2084 1264 2167 [in
1292 2086 1371 2147 civi-

299 2194 390 2278 tates]
416 2196 523 2257 omnia
546 2194 628 2256 vada
652 2193 700 2277 [ao
724 2192 835 2276 saltus]
864 2194 933 2256 eius
956 2192 1080 2275 paludis
1110 2191 1296 2255 obtinebant
1324 2193 1402 2255 sice

300 2303 406 2363 animo
434 2303 549 2383 parati,
581 2306 628 2382 ut,
661 2302 688 2363 si
716 2320 787 2362 eam
814 2300 964 2383 paludem
996 2299 1133 2362 Romani
1165 2317 1372 2382 perrumpere

267 2412 504 2489 aconarentur,
528 2408 721 2470 haesitantes
748 2412 929 2489 premerent
957 2425 998 2468 ex
1021 2406 1090 2469 loco
1120 2407 1295 2489 superiore,
1325 2410 1371 2487 ut,

300 2516 356 2595 qui
372 2515 641 2596 propinquitatem
659 2514 722 2576 loci
738 2513 870 2594 videret,
893 2518 1018 2595 paratos
1033 2531 1131 2596 prope
1147 2531 1250 2594 aequo
1267 2512 1370 2576 Marte

298 2621 338 2683 ad
367 2620 585 2683 dimicandum
612 2620 821 2701 existimaret,
856 2621 910 2701 qui
938 2621 1140 2701 iniquitatem
1172 2619 1371 2682 condicionis

297 2730 503 2811 perspiceret,
525 2728 614 2789 inani
637 2728 841 2791 simulatione
870 2746 938 2789 sese
968 2730 1127 2789 ostentare
1155 2730 1370 2809 cognosceret.
1386 2746 1417 2788 ro

266 2835 502 2918 sindignantes
525 2835 642 2898 milites
667 2832 792 2913 Caesar,
817 2833 903 2914 quod
926 2839 1132 2915 conspectum
1153 2852 1247 2895 suum
1263 2834 1370 2896 hostes

296 2943 378 3005 ferre
402 2946 531 3024 possent
554 2942 677 3005 tantulo
702 2942 801 3023 spatio
833 2941 1014 3020 interiecto,
1042 2947 1074 3002 et
1101 2941 1229 3023 signum
1256 2940 1371 3022 proelii

297 3053 506 3132 exposcentes
534 3049 658 3129 edocet,
691 3054 809 3129 quanto
839 3047 1029 3110 detrimento
1062 3051 1094 3109 et
1122 3052 1199 3129 quot
1227 3048 1371 3109 virorum

265 3156 426 3219 sfortium
448 3167 550 3219 morte
573 3174 704 3219 necesse
732 3156 774 3218 sit
802 3159 946 3217 constare
974 3154 1156 3231 victoriam,
1187 3173 1266 3235 quos
1295 3174 1371 3217 cum

297 3263 343 3324 sic
367 3263 474 3325 animo
497 3267 622 3345 paratos
646 3263 766 3344 videat,
794 3265 832 3323 ut
854 3260 980 3324 nullum
1004 3281 1060 3344 pro
1085 3280 1143 3323 sua.
1165 3260 1261 3323 laude
1284 3262 1370 3344 peri·
1385 3279 1415 3321 15

296 3369 406 3432 culum
428 3376 589 3451 recusent,
613 3388 755 3433 summae
772 3388 806 3431 se
821 3369 999 3450 iniquitatis
1019 3368 1226 3431 condemnari
1242 3367 1369 3451 debere,

387 3599 420 3652 25
440 3599 628 3665 deferanturfi

386 3688 431 3742 18.
454 3690 476 3740 1.
497 3688 513 3740 2
532 3688 613 3741 turris
632 3688 905 3756 adpropinquassetss
936 3688 945 3751 ΗΗ
977 3687 1164 3741 5insidiaru1n
1178 3707 1195 3737 α
1228 3687 1236 3755 ΗΗ
1269 3703 1299 3740 eo
1313 3704 1367 3740 om.

293 3784 313 3843 β
344 3778 352 3846 ΗΗ
384 3775 515 3845 Sillicp

385 3885 430 3938 19.
451 3886 464 3935 l
484 3883 580 3936 leniter
593 3884 668 3952 2(.2);
686 3883 782 3937 leuiter
801 3891 840 3953 φβ
872 3885 880 3953 ΗΗ
911 3883 1136 3953 edistributisq
1168 3884 1176 3951 ΗΗ
1209 3884 1233 3936 4.
1254 3883 1367 3937 51ηοί-

294 3972 392 4025 uitates
411 3973 461 4025 del.
482 3972 579 4025 Morus
611 3975 619 4040 ΗΗ
656 3976 672 4026 5
692 3972 825 4026 assaltus
850 3973 899 4025 dcl.
919 3972 1023 4039 Horta,
1047 3990 1077 4027 ac
1100 3973 1228 4026 transitus
1251 3972 1338 4041 Nipp.
1358 3970 1367 4042 ΗΗ

294 4060 400 4129 paludis
420 4061 499 4115 certis
518 4062 646 4115 custodiis
665 4061 851 4128 obtinebantd
883 4062 891 4129 ΗΗ
923 4062 1117 4127 8uiderentfl
1149 4064 1157 4126 Η
1193 4062 1365 4116 9existima·

292 4153 389 4216 rentp
420 4152 429 4219 ΗΗ
462 4152 496 4203 12
515 4152 631 4218 perferre
651 4171 668 4202 α
700 4153 708 4219 ΗΗ
740 4150 843 4219 possint
856 4150 918 4203 HM
946 4151 954 4218 ΗΗ
984 4152 1016 4204 13
1030 4152 1108 4204 docet
1122 4148 1182 4203 HM
1206 4152 1215 4219 ΗΗ
1238 4154 1303 4219 quot
1319 4149 1364 4218 0²3

291 4239 662 4310 cd.1;quodun;quidp
694 4240 702 4307 ΗΗ
736 4243 768 4294 15
789 4242 893 4308 paratos
913 4239 1035 4305 animoa
1067 4241 1075 4308 Η
1108 4240 1211 4293 uideret
1230 4258 1247 4291 a
