3134 4859
509 358 617 412 LIBER
634 359 695 413 VH.
715 357 791 412 CAP.
811 360 934 413 49-53.
1193 342 1254 405 191

187 541 244 605 pro
268 521 411 584 subsidio
434 521 529 604 paulo
558 523 709 603 aequiore
738 522 809 584 loco
840 522 1030 585 constiterat.
1076 522 1158 585 hanc
1185 542 1284 586 rur-2

47 663 49 666 ·
160 647 243 694 rsus
270 627 362 691 XIII.
385 629 521 709 legionis
548 629 693 692 cohortes
721 633 929 711 exceperunt,
962 647 1045 710 quae
1077 646 1118 691 ex
1146 630 1256 691 castris

187 734 370 798 minoribus
392 735 526 799 eductae
554 755 629 798 cnm
655 734 687 797 T.
711 733 822 798 Sextio
850 736 954 817 legato
978 740 1127 818 ceperant
1149 734 1256 799 locum

187 844 394 925 superiorem.
442 843 598 926 legiones,
631 842 687 905 ubi
714 844 855 925 primum
882 843 1047 924 planitIem
1075 844 1282 925 attigerunta

187 950 313 1012 infestis
340 955 452 1012 contra
479 950 601 1012 hostem
628 950 728 1033 signis
752 950 972 1012 constiterunt.
1010 949 1283 1033 Vercingetorirrr

188 1056 228 1119 ab
252 1055 415 1119 radicibus
438 1057 528 1119 collis
550 1075 626 1119 suos
648 1057 735 1119 intra
756 1058 952 1119 munitiones
970 1056 1108 1118 reduxit.
1147 1075 1184 1118 eo
1205 1057 1256 1119 die

146 1186 173 1227 10
187 1163 307 1228 milites
330 1168 407 1227 sunt
429 1164 524 1246 paulo
546 1164 654 1226 minus
676 1161 757 1226 DCC
780 1164 958 1227 desiderati.

160 1293 172 1333 1
277 1268 409 1334 Postero
434 1271 485 1334 die
502 1268 617 1334 Caesar
636 1271 784 1333 contione
801 1270 952 1333 advocata
972 1270 1182 1334 temeritatem
1201 1290 1256 1333 ou-
1274 1284 1309 1337 52

187 1376 420 1459 piditatemque
443 1377 581 1440 militum
603 1376 817 1460 reprehendit,
847 1377 933 1459 quod
960 1377 1022 1441 sibi
1049 1376 1109 1460 ipsi
1137 1378 1255 1441 iudica-

188 1485 321 1566 vissent,
352 1503 415 1566 quo
443 1484 682 1567 procedendum
710 1489 765 1546 aut
793 1483 870 1565 quid
898 1484 1057 1567 agendum
1085 1485 1255 1565 videretur,

187 1608 295 1673 neque
317 1591 410 1673 signo
433 1590 611 1673 recipiendi
634 1591 706 1653 dato
726 1591 942 1653 constitissent
962 1610 1067 1672 neque
1084 1610 1103 1651 a
1118 1591 1255 1653 tribunis

159 1697 328 1762 amititum
351 1697 528 1780 legatisque
551 1698 681 1761 retineri
705 1698 889 1779 potuissent.
929 1698 1089 1780 exposuit,
1113 1697 1191 1779 quid
1206 1698 1283 1759 in-2

187 1804 307 1885 iquitas
330 1804 392 1866 loci
414 1809 534 1887 posset,
559 1804 643 1887 qnod
660 1805 728 1886 ipse
744 1804 786 1865 ad
803 1804 977 1866 Avaricmn
994 1805 1158 1883 sensisset,
1181 1822 1255 1866 cum

188 1912 258 1974 sine
274 1910 356 1973 duce
379 1916 411 1974 et
425 1911 496 1974 sine
511 1912 657 1992 equitatu
673 1911 880 1994 deprehensis
895 1910 1039 1972 hostibus
1059 1910 1254 1991 exploratam

189 2018 354 2080 victoriam
370 2018 556 2098 dimisisset,
572 2036 613 2080 ne
629 2037 762 2100 parrum
778 2017 874 2082 modo
891 2016 1115 2080 detrimentum
1131 2017 1166 2078 ln
1182 2035 1255 2079 con-

188 2125 330 2187 tentione
353 2129 481 2207 propter
495 2125 698 2205 iniquitatem
720 2124 782 2187 loci
807 2123 971 2186 accideret.
1018 2128 1136 2205 quanto
1161 2142 1282 2205 operes

148 2252 174 2295 ιο
189 2250 299 2294 eorum
325 2232 423 2293 animi
443 2231 697 2314 magnitudinem
715 2230 937 2312 admiraretur,
962 2248 1042 2311 quos
1057 2249 1121 2293 non
1138 2235 1255 2293 castro-

187 2358 260 2399 rum
284 2339 491 2420 munitiones,
519 2357 585 2400 non
609 2338 742 2401 altitudo
766 2338 897 2418 muntia,
925 2356 990 2399 non
1012 2356 1125 2400 murus
1149 2336 1256 2420 oppidi

188 2444 312 2507 tardare
340 2446 504 2527 potuisset,
537 2449 626 2506 tanto
659 2464 753 2527 opere
786 2444 947 2507 licentiam
980 2445 1255 2527 arrogantiamque

187 2551 432 2633 reprehendere,
457 2552 543 2634 qnod
562 2552 636 2635 plus
656 2570 690 2614 se
711 2570 807 2632 quam
828 2552 1052 2635 imperatorem
1069 2552 1108 2615 de
1124 2552 1256 2615 victoria

188 2663 283 2739 atque
307 2658 398 2720 exitu
420 2677 528 2721 rerum
551 2660 670 2721 sendra
693 2658 928 2738 existimarent,
957 2676 1018 2721 nec
1045 2659 1153 2721 minus
1180 2678 1213 2722 se
1238 2678 1283 2720 aa

148 2784 175 2825 15
189 2765 290 2829 milite
317 2764 505 2827 modestiam
537 2770 568 2828 et
601 2766 829 2828 continentiam
858 2785 953 2847 quam
982 2766 1131 2828 virtutem
1160 2770 1254 2847 atque

162 2872 288 2934 ranimi
310 2871 565 2953 magnitudinem
590 2872 778 2935 desiderare.
825 2870 894 2933 Hac
917 2870 1024 2933 habita
1051 2872 1198 2934 contione
1224 2876 1256 2934 et
1273 2882 1309 2937 53

188 2979 229 3041 ad
252 2983 431 3041 extremum
452 2976 617 3061 [oratione]
639 2978 833 3041 confirmatis
855 2976 1022 3057 militibus,
1045 2995 1087 3039 ne
1111 2977 1150 3039 ob
1174 2977 1256 3040 hanc

188 3104 317 3149 causam
333 3086 440 3148 animo
460 3090 724 3168 permoverentur
738 3104 804 3148 neu
821 3084 907 3167 quod
923 3084 1075 3166 iniquitas
1095 3084 1157 3147 loci
1173 3089 1255 3147 attu-

189 3192 290 3273 lisset,
313 3192 347 3254 id
363 3193 476 3255 virtuti
490 3193 630 3255 hostium
653 3191 842 3275 tribuerent,
866 3190 976 3253 eadem
1000 3191 1038 3255 de
1062 3192 1255 3275 profectione

161 3300 344 3382 scogitans,
373 3319 455 3382 quae
483 3304 557 3362 ante
584 3304 739 3382 senserat,
766 3298 909 3381 legiones
937 3318 978 3361 ex
1006 3301 1116 3362 castris
1142 3299 1256 3362 eduxit

278 3528 401 3583 blocum
420 3532 580 3596 ceperantp
615 3528 623 3600 ΗΗ
659 3528 785 3583 bhostes
805 3548 822 3580 u
859 3526 868 3599 ΗΗ
906 3527 939 3582 10
958 3526 1067 3596 paulum
1087 3548 1104 3580 a
1141 3526 1149 3599 ΗΗ
1186 3528 1255 3581 mili·

188 3619 229 3672 tes
246 3617 326 3687 paulo
344 3618 432 3670 minus
452 3617 536 3671 DCC.
555 3621 618 3671 sunt
635 3618 716 3672 desid.
735 3625 752 3684 β

276 3724 322 3779 52.
344 3725 367 3777 1.
387 3723 536 3778 ambitum
555 3724 814 3793 cupiditatemquefi
849 3722 857 3797 ΗΗ
895 3725 919 3779 2.
939 3726 956 3778 3
975 3724 1136 3779 iudicassent
1153 3743 1176 3776 π
1202 3722 1211 3795 ΗΗ
1239 3725 1256 3777 4
1329 3763 1331 3767 .

188 3814 249 3868 dato
266 3813 446 3884 recipiendia
483 3812 492 3885 ΗΗ
528 3815 560 3867 ab
580 3833 598 3864 a
634 3811 642 3885 ΗΗ
679 3814 871 3883 bexposItoft
908 3813 916 3885 ΗΗ
953 3814 1057 3882 bquod
1075 3814 1132 3883 ipse
1156 3814 1255 3880 Victa,

188 3903 251 3971 qnid
268 3902 326 3971 ipse
345 3902 375 3955 X
409 3899 417 3973 ΗΗ
454 3919 516 3956 cum
535 3921 565 3969 ας
584 3904 689 3971 quodfi
724 3902 733 3974 ΗΗ
769 3903 959 3972 9acciperetfl
994 3900 1002 3974 ΗΗ
1040 3906 1230 3971 quantoperefl
1248 3901 1257 3974 ΗΗ

190 3992 353 4060 quuosfl3
378 3993 486 4060 quoda
526 3990 535 4063 ΗΗ
576 3992 609 4044 12
628 3995 765 4061 tantopere
782 3992 801 4060 f
837 3990 845 4064 ΗΗ
892 3994 925 4045 14
944 4009 993 4047 nec
1013 4012 1042 4061 a,
1064 4009 1117 4046 non
1134 3999 1152 4059 β
1192 3989 1200 4063 ΗΗ
1241 4009 1257 4046 a

187 4080 327 4148 Beroald.;
346 4081 379 4135 ab
399 4100 429 4149 a,
448 4082 511 4148 inf}
546 4080 555 4153 ΗΗ
592 4083 625 4135 15
645 4084 671 4135 et
689 4082 877 4136 continentiam
897 4099 949 4135 om.
968 4088 985 4148 β

276 4189 323 4245 53.
343 4189 360 4241 2
378 4189 412 4243 ad
430 4191 581 4243 extremum
600 4189 716 4243 oratione
733 4196 763 4256 βς
782 4190 816 4242 ad
828 4190 975 4242 extremam
989 4190 1134 4245 orationem
1148 4209 1179 4253 a,·
1198 4205 1256 4243 ora·

187 4278 258 4332 tione
277 4277 327 4331 del.
351 4278 441 4333 Olcrla
479 4277 487 4350 ΗΗ
523 4279 654 4332 luirtuti
671 4278 788 4332 hostium
808 4296 837 4346 ας
857 4277 961 4344 hostib
998 4277 1006 4349 ΗΗ
1043 4281 1128 4346 bap
