3134 4859
530 301 638 356 LIBER
655 302 731 356 VIII.
751 302 827 355 CAP.
848 303 972 358 52-55.
1227 290 1290 352 251

218 485 239 527 a
261 463 294 527 G.
318 462 451 529 Caesare
473 466 666 546 mitteretnr;
690 483 797 548 neque
821 464 955 529 obscure
979 466 1060 529 duae
1074 467 1217 549 legiones
1234 468 1291 529 uni

219 571 438 635 detrahuntur.
484 592 560 636 nam
582 572 753 655 Pompeius
776 572 935 655 legionem
956 574 1105 655 primam,
1130 592 1226 657 quern
1251 574 1319 641 ade

188 679 388 745 nansarem
415 680 544 742 miserat
575 678 750 742 confectam
779 699 822 744 ex
849 679 968 743 dilectu
1000 681 1183 763 provinciae
1214 679 1290 744 an-

218 788 311 869 saris,
335 806 406 850 eam
429 790 591 868 tamquam
615 805 658 849 ex
680 805 738 849 suo
755 804 891 849 nurnero
908 786 1003 850 dedit.
1043 784 1158 851 Caesar
1174 791 1319 870 tamenn

219 912 294 956 cum
327 894 366 956 de
397 892 562 956 voluntate
595 893 727 956 minime
756 892 891 956 dubium
924 898 1006 957 esset
1034 893 1291 957 adversariorum

218 1019 364 1081 suorum,
391 999 545 1082 Pompeio
573 999 732 1082 legionem
759 1000 885 1063 remisit
913 1004 945 1063 et
971 1020 1029 1063 suo
1053 1001 1182 1064 nomine
1206 1000 1291 1084 XV.,

220 1126 316 1190 quam
345 1107 379 1169 in
408 1105 511 1169 Gallia
542 1107 687 1169 citeriore
715 1106 884 1188 habuerat,
916 1125 958 1169 ex
985 1112 1116 1171 senatus
1144 1108 1292 1171 consulto

176 1235 206 1277 ro
219 1212 309 1277 iubet
340 1213 430 1276 tradi.
481 1214 517 1275 in
544 1214 612 1275 eius
644 1213 752 1276 locum
779 1211 871 1275 XIII.
904 1213 1062 1297 legionem
1099 1215 1134 1276 in
1165 1214 1293 1277 Italiam

218 1321 328 1401 mittit,
353 1338 435 1402 quae
458 1320 617 1403 praesidia
639 1323 796 1400 tueretur,
820 1338 862 1383 ex
886 1319 1004 1403 quibus
1026 1308 1194 1403 praesidiis
1218 1320 1291 1385 XV.

219 1536 312 1597 nium
334 1554 409 1597 cum
432 1533 613 1617 legionibus
636 1532 702 1596 IIII
725 1535 761 1597 in
784 1532 896 1617 Belgio
920 1534 1079 1617 conlocat,
1104 1533 1136 1597 O.
1159 1534 1293 1599 Fabium

220 1660 294 1705 cum
317 1642 451 1705 totidem
477 1642 513 1703 in
536 1640 689 1731 Haeduos
713 1640 848 1704 deducit.
900 1641 947 1703 sic
977 1641 1063 1703 enim
1092 1641 1320 1709 existimabatis
1399 1690 1406 1693 -

179 1769 206 1811 rs
222 1748 414 1812 tutissimam
429 1748 496 1811 fore
514 1746 663 1827 Gelliam,
678 1748 705 1809 si
721 1747 854 1830 Belgae,
871 1766 1008 1830 qnorum
1023 1748 1165 1810 maxime
1181 1749 1293 1831 virtus,

220 1861 253 1919 et
279 1854 421 1938 Haedui,
450 1874 588 1936 quorum
617 1856 789 1917 auotoritas
818 1872 943 1917 summa
970 1858 1065 1937 esset,
1098 1854 1293 1917 exercitibus

221 1964 470 2026 continerentur.
517 1963 585 2045 ipse
608 1962 644 2024 in
667 1960 793 2025 Italiam
816 1960 976 2043 profectus
1001 1966 1055 2024 est.

193 2091 206 2132 r
311 2067 381 2144 Quo
405 2089 479 2133 cum
502 2070 655 2150 venisset,
678 2070 842 2151 cognoscit
863 2087 921 2150 per
944 2065 975 2130 Ο.
1000 2066 1188 2131 Marcellum
1216 2086 1291 2131 con·
1309 2086 1348 2141 55

221 2176 326 2240 sulem
349 2176 491 2259 legiones
515 2175 594 2238 duas
618 2174 658 2237 ab
682 2177 865 2257 semisses,
890 2193 972 2256 quae
996 2193 1039 2238 ex
1061 2179 1191 2238 senatus
1218 2194 1293 2237 con-

219 2284 304 2346 sulto
329 2282 481 2347 deberent
507 2280 547 2345 ad
570 2282 758 2346 Parthicum
782 2281 903 2345 bellum
931 2281 1019 2365 duci,
1045 2282 1199 2364 Pompeio
1229 2285 1293 2343 tra-

220 2390 302 2454 ditas
326 2395 421 2471 atque
443 2391 479 2452 in
502 2389 595 2453 Italia
617 2393 757 2453 retentas
780 2407 858 2453 csse.
905 2388 966 2452 hoc
988 2389 1071 2452 lactc
1096 2408 1318 2471 quamquama

190 2498 302 2561 snulli
329 2502 396 2561 crat
423 2496 572 2578 dubium,
600 2497 755 2579 quidnam
782 2501 894 2559 contra
921 2494 1087 2559 Caesarem
1116 2501 1291 2579 pararetur,

221 2609 324 2667 tamen
350 2603 466 2668 Caesar
488 2604 597 2667 omnia
617 2604 766 2686 patienda
781 2622 851 2667 esse
867 2604 989 2684 statuit,
1014 2602 1120 2685 quoad
1143 2603 1204 2666 sibi
1221 2622 1293 2686 spes

220 2710 330 2793 eliqua
356 2710 593 2791 relinqueretur
619 2711 691 2774 iure
718 2712 825 2793 potius
854 2710 1051 2793 disceptandi
1078 2730 1175 2793 quam
1203 2710 1295 2773 belli·

219 2817 362 2901 gerandi.
409 2817 652 2881 contendit

311 3047 375 3102 30.
390 3064 442 3100 om.
463 3046 525 3114 085³
556 3048 564 3115 ΙΙ
597 3048 666 3101 dnae
685 3065 715 3114 a3
734 3046 785 3100 hae
800 3046 867 3101 duae
882 3046 920 3114 Sd
945 3047 954 3111 ll
979 3045 1026 3097 uni
1040 3063 1070 3111 a;
1089 3043 1190 3097 caesari
1203 3044 1266 3113 (8)ss
1285 3043 1293 3116 ll

219 3138 299 3191 4cn.
319 3137 457 3207 pompeius
477 3157 494 3188 α
522 3138 531 3205 lt
558 3136 745 3190 semestris
765 3134 934 3203 Sd30aesari
954 3154 971 3186 a
1000 3134 1008 3203 tt
1037 3136 1061 3188 7.
1080 3133 1098 3187 8
1117 3133 1226 3188 minime
1245 3134 1294 3187 du-

221 3226 297 3281 bium
323 3228 395 3280 osset
421 3226 635 3280 aduersariorum
662 3242 772 3279 snorum
795 3224 863 3292 BM3
891 3223 1102 3279 aduersariorum
1129 3239 1158 3277 se
1187 3222 1294 3292 spoliari

220 3314 322 3369 nemini
339 3316 450 3369 dubium
469 3317 540 3369 esset
562 3314 648 3383 Q(S)fl
679 3314 688 3383 tt
719 3314 795 3368 Bon.
815 3314 971 3383 pompeiofl
1002 3315 1011 3383 lt
1045 3314 1078 3368 10
1092 3312 1224 3383 legionem
1238 3330 1293 3365 om.

222 3405 262 3472 Sd
292 3408 302 3472 ΙΙ
334 3405 366 3457 11
387 3407 494 3459 tueatur
512 3405 550 3472 ὃς)
571 3410 581 3474 ΙΙ
605 3404 639 3457 12
657 3403 804 3458 ducebatur
824 3403 861 3471 Sp
892 3403 901 3471 tt
934 3402 961 3457 G.
981 3420 1034 3455 om.
1054 3401 1111 3455 ΒΜ
1141 3402 1150 3470 tt
1184 3403 1217 3455 15
1237 3400 1294 3455 bel·

219 3494 279 3564 giae
299 3494 360 3562 (8)ss
391 3494 400 3562 ΙΙ
433 3495 466 3548 16
486 3498 513 3548 et
531 3511 583 3547 om.
604 3513 622 3545 α
653 3494 662 3562 u
694 3508 800 3546 summa
818 3494 889 3545 esset
908 3492 1050 3545 auctoritas
1071 3492 1108 3558 Sd

310 3584 357 3638 55.
378 3584 394 3636 2
412 3584 509 3638 missas
529 3584 579 3650 8533
597 3583 723 3637 remissas
743 3601 761 3634 α
792 3582 801 3650 ΙΙ
834 3581 962 3635 Bbellum
977 3580 1128 3649 parthicum
1141 3581 1180 3647 Sd
1211 3582 1219 3650 ll
1252 3596 1292 3633 on.

219 3672 343 3741 pompeio
362 3691 380 3725 a
411 3673 421 3741 ΙΙ
453 3674 477 3725 7.
497 3672 514 3726 8
533 3672 723 3741 belligerandi
748 3670 834 3736 wa
865 3672 874 3736 ΙΙ
906 3670 1079 3725 Boontendit
1097 3687 1151 3723 om.
1175 3669 1238 3737 eso

601 3960 921 3967 ————-——-————
