3134 4859
327 329 390 391 180
443 417 446 424 Ι
725 342 830 396 BELLI
849 342 991 397 GALLICI

269 514 305 569 34
413 506 485 569 Hoc
508 505 634 569 decreto
657 506 845 595 interposito
869 506 1051 569 cohortatus
1069 506 1234 587 Haeduos,
1258 510 1295 567 ut
1318 524 1418 580 qen-1

324 614 551 675 troversiarum
579 632 616 676 ac
640 612 848 675 dissensionis
877 611 1140 676 obliviscerentur
1165 617 1261 695 atque
1290 613 1393 675 omni-

324 719 384 782 bus
408 720 533 781 omissis
557 718 631 802 [his]
659 718 756 783 rebus
783 718 858 781 huic
886 718 969 781 bello
999 719 1154 782 servirent
1181 738 1282 801 eaque
1312 737 1394 799 quae

323 827 515 890 meruissent
536 826 677 908 praemia
699 825 738 888 ab
763 844 797 889 se
821 826 946 889 devicta
961 825 1063 889 Galba
1083 830 1288 908 expectarent
1303 828 1394 908 equi-

324 938 488 1015 tatumque
511 951 639 995 omnem
662 938 693 995 et
715 932 861 1015 peditum
884 932 974 995 milia
993 930 1028 995 X
1050 932 1111 995 sibi
1127 932 1273 995 celeriter
1288 934 1421 996 mitte-s

323 1044 407 1117 rent,
431 1058 513 1120 quae
537 1039 759 1122 inpraesidiis
782 1041 829 1103 rei
844 1039 1070 1103 frumentariae
1086 1058 1183 1102 causa
1202 1038 1395 1122 disponeret,

296 1147 501 1212 aexercitnm
525 1147 559 1207 in
583 1147 662 1210 duas
685 1152 790 1228 partes
810 1146 930 1209 divisit:
957 1152 1106 1228 quattuor
1121 1146 1264 1228 legiones
1286 1147 1323 1207 in
1339 1144 1395 1209 Se·

323 1272 424 1315 nones
451 1253 653 1334 Parisiosque
681 1251 822 1317 Labieno
851 1252 1013 1315 ducendas
1041 1252 1141 1333 dedit,
1174 1271 1232 1315 sex
1258 1253 1328 1334 ipse
1361 1253 1396 1314 in

325 1361 487 1422 Arvernos
511 1359 550 1421 ad
567 1359 719 1441 oppidum
739 1360 932 1441 Gergoviam
947 1360 1125 1423 secundum
1140 1358 1259 1423 flumen
1276 1359 1397 1423 Elaver
1461 1400 1465 1409 .

324 1466 430 1545 duxit,
455 1468 614 1548 equitatus
637 1472 758 1549 partem
781 1467 831 1528 illi
854 1466 1009 1547 attribuit,
1033 1473 1153 1549 partem
1171 1466 1231 1529 sibi
1254 1466 1395 1548 reliquit.
1410 1488 1435 1529 ro

295 1592 389 1653 equa
410 1591 445 1636 re
469 1574 596 1655 cognita
610 1573 857 1655 Vercingetorix
881 1573 1029 1636 omnibus
1045 1574 1233 1656 interruptis
1249 1575 1319 1636 eius
1335 1572 1397 1636 flu·

323 1681 420 1743 minis
443 1680 594 1763 pontibus
618 1679 657 1743 ab
680 1681 781 1743 altera
803 1680 946 1743 fluminis
969 1685 1058 1763 parte
1077 1682 1138 1745 iter
1160 1680 1263 1745 facere
1280 1681 1395 1763 coepit.

268 1796 305 1851 35
324 1787 405 1851 (inm
434 1795 570 1870 uterque
602 1788 763 1869 utrimque
796 1788 915 1851 exisset
932 1788 1120 1867 exercitus,
1153 1789 1187 1849 in
1220 1792 1422 1869 conspectur

322 1895 453 1976 fereque
477 1914 494 1958 e
517 1895 647 1976 regione
671 1892 815 1957 Caesaris
831 1900 934 1957 castra
948 1893 1087 1976 ponebat
1103 1894 1267 1976 dispositis
1283 1894 1396 1977 explo-
1473 1942 1475 1949 .

322 2001 494 2080 ratoribus,
518 2001 633 2064 necubi
657 2001 769 2064 effecto
792 2006 888 2083 ponte
903 2001 1040 2063 Romani
1057 2002 1165 2082 copias
1181 2000 1395 2064 traducerent.

323 2113 391 2173 erat
421 2110 456 2170 in
484 2109 610 2191 magnis
638 2107 763 2171 Caesari
798 2107 1036 2171 difficultatibus
1068 2128 1132 2189 res,
1165 2127 1205 2171 ne
1238 2109 1396 2171 maiorem

323 2218 450 2279 aestatis
473 2225 595 2298 partem
617 2214 751 2277 flumine
773 2215 996 2297 impediretur,
1024 2216 1110 2297 quod
1137 2234 1202 2277 non
1225 2215 1291 2277 fere
1320 2220 1423 2278 antes

297 2326 515 2387 nautumnum
537 2322 653 2385 Elaver
675 2322 757 2384 vado
781 2322 909 2385 transiri
928 2322 1014 2385 solet
1061 2322 1181 2404 itaque,
1206 2340 1246 2384 ne
1262 2321 1295 2383 id
1312 2323 1397 2385 acci-

325 2427 426 2508 deret,
449 2428 587 2491 silvestri
609 2429 680 2491 loco
704 2430 814 2492 cestris
838 2430 951 2511 positis
975 2430 1137 2509 eregione
1159 2430 1258 2491 unius
1282 2447 1396 2491 eorum

323 2536 478 2616 pontium,
491 2554 572 2616 quos
586 2534 827 2616 Vercingetorix
838 2535 1067 2599 rescindendos
1079 2540 1254 2614 curaverat,
1266 2543 1396 2617 postero

296 2642 376 2709 edic
404 2662 478 2705 oum
506 2641 631 2704 duabus
657 2642 837 2723 legionibus
870 2644 905 2705 iu
934 2643 1056 2705 occulto
1088 2643 1216 2720 restitit;
1250 2642 1397 2723 reliquas

324 2750 430 2831 copias
458 2768 531 2811 cum
561 2749 710 2812 omnibus
737 2750 987 2831 impedimentis,
1020 2756 1056 2811 ut
1083 2755 1264 2830 consuerat,
1296 2750 1396 2832 misit,
1411 2768 1436 2809 ro

324 2856 481 2919 distractis
498 2856 690 2937 quibusdam
706 2855 899 2935 cohortibus,
916 2862 952 2919 ut
967 2875 1120 2919 numerus
1136 2856 1300 2938 legionum
1318 2874 1396 2917 con-

295 2968 408 3029 4stare
436 2964 606 3026 videretur.
658 2964 707 3025 bis
736 2984 833 3045 quam
864 2963 1050 3045 longissime
1083 2968 1211 3044 possent
1243 2962 1396 3044 progredi

323 3070 431 3150 iussiS,
459 3090 531 3133 cum
554 3072 619 3133 iam
642 3089 683 3132 ex
707 3071 771 3133 diei
794 3078 936 3152 ternpore
960 3072 1175 3133 coniecturam
1204 3075 1331 3151 caperet
1358 3070 1395 3131 in

324 3185 425 3239 castra
457 3183 660 3259 perventum,
692 3178 794 3241 isdem
822 3176 965 3257 sublicis,
999 3196 1134 3259 quarum
1161 3196 1233 3259 pars
1261 3176 1396 3239 inferior

296 3284 449 3364 sintegra
462 3283 658 3367 remanebat,
682 3289 812 3366 pontem
827 3283 954 3347 reficere
971 3284 1082 3366 coepit.
1121 3283 1266 3347 celeriter
1281 3282 1395 3347 effecto
1410 3298 1435 3340 n

412 3478 458 3532 31.
479 3477 495 3530 2
509 3477 702 3531 dissensionum
715 3485 733 3544 β
758 3478 767 3546 11
794 3479 809 3531 3
823 3477 865 3530 his
882 3478 931 3531 del.
945 3477 1070 3531 Beroctd.
1099 3478 1108 3546 11
1134 3494 1216 3545 eaque
1230 3493 1298 3545 quae
1311 3478 1351 3530 cd.
1365 3479 1394 3545 13

324 3583 356 3620 ea
373 3570 462 3635 qu(a)e
482 3586 529 3635 cp,
549 3571 627 3635 atque
646 3584 714 3635 qnae
733 3587 754 3619 n
787 3568 795 3635 11
827 3568 913 3634 dap
944 3568 953 3635 11
987 3570 1017 3619 11
1039 3567 1394 3636 cognitaaueroingetorige

323 3662 341 3721 β
371 3655 380 3722 11
414 3656 446 3708 12
466 3656 498 3709 ab
517 3656 601 3710 altera
619 3660 692 3724 parta
711 3656 825 3709 elauen's
843 3657 895 3709 iter
912 3664 929 3723 β

412 3746 459 3800 35.
481 3748 493 3797 l
514 3749 624 3814 uterque
647 3747 752 3813 utrique
776 3748 848 3799 esset
871 3745 1040 3812 exercituip
1076 3746 1084 3813 11
1121 3745 1137 3797 2
1163 3745 1283 3799 Caesaris
1306 3746 1393 3814 Paul3

324 3834 417 3887 castris
437 3834 466 3887 X
495 3836 504 3903 11
536 3834 649 3902 ponebat
667 3835 829 3902 (Beroald.,)
849 3835 935 3901 Paul,
959 3835 1091 3903 ponebant
1110 3853 1140 3900 c3
1160 3842 1304 3902 poneretp
1336 3836 1344 3903 11
1376 3838 1394 3888 4

324 3923 438 3976 caesaris
461 3923 521 3975 cb²l
552 3923 561 3992 11
596 3923 729 3977 6Elavar
746 3925 796 3977 del.
816 3924 931 3977 Nitscbc
966 3926 975 3993 11
1012 3924 1140 3977 leastris
1165 3924 1256 3991 positis
1281 3932 1310 3992 βς
1335 3926 1393 3978 sitis

325 4032 343 4063 n
379 4011 388 4078 11
424 4010 449 4064 8.
469 4012 485 4063 9
509 4012 674 4079 postridiess
710 4014 718 4082 11
755 4014 952 4067 recensuerat
977 4012 1110 4079 Watther3
1134 4018 1311 4067 consueuerat
1334 4014 1364 4067 X
1384 4013 1392 4086 11

326 4102 357 4152 11
373 4100 504 4152 distractis
516 4099 657 4169 BMr'iller3
676 4103 760 4170 captis
774 4103 883 4171 (creptis
896 4102 1001 4170 a¹(.9)l⁸)
1015 4104 1054 4169 X;
1068 4102 1105 4156 ita
1118 4103 1220 4170 partitis
1232 4103 1392 4171 Plbomcs3

324 4189 467 4242 dimidiatis
485 4189 600 4243 Nitscbe
631 4190 640 4258 11
671 4194 702 4244 ut
721 4192 769 4258 Sp,
789 4193 828 4245 uti
848 4212 865 4243 a
897 4194 906 4259 11
944 4192 977 4245 12
996 4193 1069 4245 lish
1105 4195 1113 4261 11
1150 4193 1239 4261 egredi
1258 4213 1275 4245 α
1312 4196 1321 4259 11
1358 4194 1391 4247 13

324 4278 378 4331 diei
395 4286 485 4346 oneri
515 4281 525 4348 11
556 4282 661 4349 ceperat
680 4300 697 4332 c
729 4282 737 4350 11
771 4283 804 4334 14
823 4281 927 4335 hisdem
947 4301 964 4333 α
