3134 4859
304 336 367 397 190
703 348 808 402 BELLI
827 348 970 402 GALLIOI

238 587 243 600 s
304 513 452 596 depulsos
476 512 622 592 vidisset,
651 531 714 593 quo
738 512 846 575 minus
868 510 969 575 libare
996 512 1103 575 hostes
1126 512 1379 593 insequerentur

274 624 440 685 aterreret.
487 621 555 702 ipse
582 619 713 702 paulum
741 637 783 681 ex
812 637 849 681 eo
877 619 947 681 loco
977 638 1051 681 oum
1078 619 1204 701 legione
1227 638 1375 702 progres-

247 740 284 795 so
301 745 369 807 suS,
402 725 457 789 ubi
485 727 682 807 constiterat,
715 730 868 788 eventum
895 744 1021 808 pugnae
1049 726 1242 808 expectabat.
1291 724 1403 790 Cuma

301 834 454 896 acerrime
482 833 663 895 comminus
690 837 900 915 pugnaretur,
933 832 1039 895 hostes
1067 832 1136 894 loco
1170 837 1201 895 et
1228 851 1373 913 numam,

230 934 233 939 ’
301 941 402 1002 nost1i
435 941 551 1002 virtute
584 938 794 1020 confiderent,
830 939 934 1002 subito
970 943 1045 1001 sunt
1077 938 1205 1002 Haedui
1238 940 1298 1002 visi
1332 938 1373 1001 ab

300 1047 399 1110 latere
427 1047 543 1109 nostris
570 1051 691 1128 apert0,
725 1065 805 1127 quos
833 1045 948 1110 Caesar
981 1045 1019 1108 ab
1052 1046 1164 1109 dextra
1191 1051 1280 1128 parte
1309 1046 1373 1108 alio

275 1171 436 1217 nascensu
458 1172 574 1215 manus
595 1153 797 1215 distinendae
816 1172 912 1216 causa
930 1154 1068 1217 miserat.
1107 1152 1139 1214 lii
1159 1152 1405 1219 similitudines

302 1280 464 1323 armorum
496 1261 699 1324 vehementer
733 1264 859 1323 nostros
891 1264 1141 1342 perterruerunt,
1178 1279 1213 1321 ac
1245 1261 1374 1323 tametsi
1428 1342 1430 1345 v

302 1368 424 1429 dextris
451 1367 571 1430 umeris
604 1368 723 1430 exertis
751 1365 1097 1448 animadvertebantur,
1131 1366 1217 1448 quod
1245 1368 1374 1449 insigne

301 1478 430 1557 pactum
454 1492 522 1536 esse
546 1479 727 1553 consuerat,
751 1478 858 1535 tamen
880 1474 915 1535 id
934 1474 1040 1555 ipsum
1060 1474 1110 1537 sui
1127 1473 1256 1536 fallendi
1276 1492 1375 1536 causa

274 1580 418 1643 smilites
442 1579 480 1642 ab
504 1580 649 1644 hostibus
671 1580 791 1643 lactum
815 1579 1049 1643 existimabant.
1092 1580 1205 1643 eodem
1229 1585 1373 1663 tempore

301 1685 335 1749 L.
359 1686 477 1749 Fabius
505 1688 649 1750 centurio
678 1689 799 1768 quique
827 1707 892 1750 una
920 1708 1047 1750 murum
1075 1687 1286 1751 ascenderant
1310 1688 1373 1751 cir·
1387 1709 1419 1751 ro

273 1795 463 1857 rcumrenti
478 1800 574 1874 atque
589 1793 749 1858 interfecti
766 1795 805 1857 de
821 1814 912 1857 muro
929 1794 1227 1877 praecipitabantur.
1256 1794 1298 1857 M.
1312 1794 1373 1857 Pe-

300 1902 436 1984 tronius,
465 1901 608 1964 eiusdem
635 1902 770 1983 legionis
798 1903 956 1981 centurio,
985 1921 1060 1965 cum
1087 1906 1193 1984 portas
1221 1902 1373 1965 excidere

301 2016 433 2072 conatus
457 2015 553 2090 esset,
581 2029 600 2070 a
622 2008 829 2073 multitudine
858 2027 1026 2091 oppressus
1054 2028 1090 2071 ac
1113 2008 1176 2071 sibi
1199 2008 1373 2092 desperans

300 2116 409 2178 multis
436 2117 501 2178 iam
527 2115 716 2179 vulneribus
748 2116 884 2199 acceptis
917 2115 1169 2198 manipularibus
1201 2116 1281 2197 suis,
1315 2118 1373 2197 qui

300 2222 391 2284 illum
415 2224 518 2285 secuti
541 2227 645 2302 erant,
669 2222 858 2304 ‘quoniam',
886 2223 1003 2304 inquit,
1028 2222 1091 2284 ‘me
1115 2241 1180 2284 una
1202 2221 1370 2285 vobiscum
1387 2242 1419 2285 ro

300 2347 428 2390 servare
455 2348 520 2391 non
547 2348 690 2412 possum,
718 2334 841 2392 vestrae
869 2328 999 2411 quidem
1028 2334 1112 2391 certe
1138 2330 1221 2392 vitae
1249 2330 1373 2412 prospi-

301 2436 395 2516 ciam,
425 2454 505 2517 quos
528 2436 700 2519 cupiditate
723 2436 841 2518 gloriae
870 2436 1027 2499 adductus
1055 2437 1089 2497 in
1111 2436 1293 2519 periculum
1317 2436 1372 2499 de·

274 2541 388 2603 eduxi.
424 2561 481 2606 vos
500 2542 574 2606 data
591 2542 739 2606 facultate
759 2542 849 2606 vobis
869 2542 1045 2605 consulite!
1078 2542 1175 2605 simul
1193 2544 1228 2605 in
1247 2543 1372 2606 medios

301 2649 405 2711 hostes
428 2650 549 2732 imupit
572 2649 761 2732 duobusque
784 2649 958 2713 interiectis
980 2650 1121 2731 reliquos
1144 2670 1163 2711 a
1184 2655 1276 2732 porta
1293 2669 1372 2732 pau-

273 2756 368 2818 slum
391 2756 559 2819 submovit
599 2757 789 2819 conantibus
813 2757 963 2819 auxiliari
987 2757 1054 2820 suis
1078 2756 1230 2838 ‘frustra',
1253 2758 1369 2840 inquit,
1385 2774 1419 2817 ao

301 2863 403 2927 ‘meae
422 2864 505 2928 vitae
529 2864 701 2927 subvenire
721 2864 894 2945 conamini,
920 2883 1014 2944 quem
1037 2865 1101 2926 iam
1120 2864 1251 2945 sanguis
1270 2864 1371 2928 vires

301 2990 363 3052 que
391 2971 552 3034 deficiunt.
598 2972 732 3053 proinde
760 2970 856 3052 abite,
891 2971 967 3033 dum
995 2977 1042 3034 est
1068 2971 1215 3047 facultas
1247 2990 1371 3053 vosque

300 3077 340 3138 ad
363 3078 521 3160 legionem
544 3076 695 3160 recipite’
741 3078 786 3139 ita
809 3096 955 3160 pugnans
982 3082 1053 3159 post
1074 3077 1205 3159 paulum
1229 3077 1371 3141 concidit

245 3195 280 3247 51
300 3202 337 3245 ac
365 3186 432 3246 suis
464 3184 558 3246 saluti
590 3184 657 3247 fuit.
703 3182 825 3264 Nostri,
858 3203 932 3246 cum
965 3184 1108 3266 undique
1140 3176 1400 3266 premerentur,r

298 3288 406 3353 XLVI
434 3291 674 3354 centurionibus
702 3291 826 3353 amissis
860 3290 974 3353 deiecti
1006 3296 1081 3353 sunt
1112 3290 1190 3353 loco.
1237 3291 1294 3354 sed
1321 3293 1371 3353 in-

299 3398 486 3460 tolerantius
519 3398 627 3461 Gallos
661 3399 867 3480 insequentes
904 3398 986 3480 legio
1023 3398 1065 3461 X.
1098 3398 1247 3479 tardavit,
1286 3417 1372 3481 quae

387 3626 549 3695 bpulsosfl
581 3629 589 3696 ll
621 3629 637 3680 7
656 3627 797 3696 paululum
815 3646 838 3679 π

386 3735 432 3789 to.
453 3734 469 3787 2
488 3737 650 3803 pugnaretur
668 3752 720 3787 om.
741 3755 758 3787 u
791 3736 800 3799 ll
832 3733 1061 3801 statuturos
1097 3731 1105 3805 ll
1141 3734 1302 3787 tadextra
1320 3752 1343 3786 π
1361 3733 1373 3805 ll

298 3824 429 3876 5manus
448 3840 500 3875 om.
521 3842 543 3875 π
588 3822 597 3894 Η
642 3822 784 3891 8pactum
809 3822 914 3890 Hella,
938 3826 1061 3891 pacatum
1080 3822 1110 3875 X
1153 3819 1161 3893 ll
1208 3822 1369 3891 toranius]

299 3912 441 3980 sabinusg
478 3910 486 3982 ll
523 3912 730 3982 escenderuntp
766 3911 774 3983 ll
813 3914 844 3965 11
866 3914 899 3966 de
918 3930 970 3965 om.
991 3932 1009 3963 α
1045 3910 1053 3983 ll
1094 3911 1301 3980 praecipitantur
1320 3930 1342 3963 π
1361 3910 1372 3983 ll

297 4000 333 4054 Μ.
354 4018 405 4053 om.
426 4019 448 4052 π
493 3999 502 4070 ll
548 4002 589 4053 11.
611 4001 644 4052 12
663 4002 780 4069 petreius
799 4020 827 4072 ρς
851 4002 1020 4070 Preteroa(?)
1040 4020 1062 4052 π
1107 4000 1115 4072 ll
1163 4002 1195 4053 13
1219 4017 1306 4054 aom.
1325 4007 1342 4067 β
1360 3999 1371 4071 ll

298 4090 347 4143 sibi
365 4096 393 4157 βς
413 4089 453 4142 sui
473 4109 490 4140 α
527 4087 535 4159 ll
574 4090 606 4142 14
625 4090 677 4143 iam
696 4098 785 4158 orrafl
821 4090 829 4162 ll
867 4094 900 4145 15
920 4093 996 4145 erant
1014 4090 1098 4144 secuti
1115 4096 1133 4157 β
1169 4088 1177 4161 ll
1215 4091 1248 4144 16
1262 4105 1368 4143 conser-

297 4195 362 4233 nare
381 4198 403 4231 π
439 4177 448 4249 ll
486 4179 527 4232 19.
548 4180 582 4234 20
601 4180 773 4248 paululumfl
810 4179 818 4251 ll
856 4180 889 4233 23
909 4180 1047 4248 paululum
1061 4198 1094 4247 rr3
1114 4178 1192 4248 paulo
1206 4178 1370 4232 *HJMir'llcr

386 4270 431 4323 51.
452 4268 467 4321 2
486 4269 569 4321 sex&
588 4269 691 4336 ‚XLss
727 4268 735 4341 ll
771 4269 830 4323 loco
849 4287 901 4323 om.
922 4288 944 4321 π
