3134 4859
301 274 344 337 88
701 288 806 343 BELLI
825 288 967 343 GALLIOI

302 452 412 516 culum
443 453 572 531 faceret,
602 451 755 515 idoneum
790 470 859 515 esse
896 450 1067 517 arbitratus
1105 451 1136 515 O.
1169 452 1373 517 Volusenum

275 578 375 623 acum
403 558 480 623 navi
507 559 605 642 longa
631 560 810 642 praemittit.
861 558 937 622 huie
964 560 1108 641 mandat,
1132 566 1172 633 ,ut
1200 560 1373 643 exploratis

274 665 452 730 somnibus
473 664 570 731 rebus
593 665 632 729 ud
656 684 690 729 se
714 685 810 746 quam
826 666 967 748 primum
981 672 1168 731 revertatur.
1214 668 1283 749 ipse
1299 676 1374 730 eum

302 772 450 837 omnibus
473 773 574 855 copiis
601 774 637 835 in
659 772 801 835 Morinos
828 770 1056 855 proficiscitur,
1085 772 1172 855 quod
1199 773 1275 837 iude
1304 778 1405 840 erato

274 880 508 944 rbrevissimus
530 880 566 941 iu
588 878 789 942 Britanniam
817 880 975 943 traiectus.
1021 880 1085 943 huc
1106 900 1206 945 naves
1229 881 1375 962 undique

301 1006 344 1050 err
365 986 513 1049 finitimis
535 986 720 1069 regionibus
743 992 776 1049 et
798 1006 893 1069 quam
918 988 1081 1070 superiore
1105 992 1222 1051 aestate
1245 988 1286 1051 ad
1308 988 1375 1051 Ve-

273 1096 443 1169 snetioum
467 1093 587 1157 bellum
610 1093 728 1157 fecerat
750 1094 883 1157 classem
906 1093 996 1158 iubet
1019 1096 1198 1159 convenire.
1242 1096 1374 1158 interim

302 1201 436 1264 consilio
465 1202 535 1265 eius
558 1202 690 1284 [cognito
719 1206 752 1265 et
777 1221 835 1285 per
862 1206 1055 1267 mercatores
1082 1202 1203 1285 perlato
1233 1201 1272 1264 ad
1301 1202 1373 1265 Bri-

302 1315 418 1370 tannos
446 1328 465 1369 a
493 1308 710 1390 compluribus
737 1309 863 1372 insulae
893 1309 1075 1372 civitatibus
1104 1309 1143 1372 ad
1173 1329 1247 1373 eum
1273 1309 1373 1391 legati
1389 1331 1419 1373 10

303 1415 450 1495 veniunt,
474 1416 530 1497 qui
553 1414 765 1495 polliceantur
788 1414 916 1479 obsides
941 1416 1016 1479 dare
1040 1420 1136 1498 etque
1158 1416 1294 1499 imperio
1318 1436 1374 1499 po-

275 1522 372 1605 opuli
394 1522 532 1585 Romani
556 1520 782 1606 obtemperare.
831 1523 947 1606 quibus
971 1523 1089 1587 auditis
1111 1522 1287 1587 liberaliter
1305 1523 1374 1607 pol-

303 1630 409 1693 licitus
431 1629 655 1711 hortatusque,
682 1632 776 1692 utin
800 1649 836 1693 ea
865 1631 1024 1694 sententia
1051 1634 1289 1713 permanerent,
1318 1649 1374 1695 eos

276 1736 435 1799 rdomum
462 1736 596 1800 remittit
627 1743 660 1800 et
687 1756 761 1800 cum
788 1738 839 1801 iis.
857 1757 922 1801 uua
954 1736 1147 1819 Commium,
1180 1756 1277 1819 quem
1304 1738 1374 1820 ipse

302 1842 509 1907 Atrebatibus
532 1846 689 1928 superatis
704 1842 814 1927 regem
829 1844 876 1907 ibi
892 1845 1113 1926 constituerat,
1138 1846 1230 1909 cuius
1254 1849 1286 1907 et
1308 1846 1373 1907 vir·
1389 1864 1421 1905 15

303 1956 404 2016 tutem
437 1959 469 2015 et
496 1952 666 2015 consilium
693 1951 848 2035 probabat
875 1958 907 2015 et
935 1971 1031 2033 quem
1059 1951 1121 2015 sibi
1148 1950 1276 2015 fidelem
1304 1970 1374 2015 esse

303 2058 514 2122 arbitrabatur
537 2060 694 2141 cuiusque
721 2060 903 2133 auctoritas
917 2060 950 2121 in
974 2058 1025 2121 bis
1047 2057 1236 2141 regionibus
1264 2058 1374 2142 magni

276 2164 487 2247 shabebatur,
510 2167 614 2229 mittit.
660 2165 737 2227 huic
761 2166 911 2248 imperat,
935 2185 1014 2248 quas
1036 2167 1149 2249 possit,
1179 2166 1272 2229 adeat
1295 2166 1374 2229 civi-

304 2276 384 2335 tates
407 2274 627 2355 horteturque,
651 2277 687 2335 ut
709 2272 820 2355 populi
842 2272 979 2337 Romani
1001 2272 1099 2336 fidem
1115 2277 1303 2355 sequantur,
1327 2292 1375 2337 se-

277 2396 368 2461 oque
391 2378 537 2443 celeriter
560 2399 597 2443 eo
622 2384 795 2443 venturum
813 2381 949 2443 nuntiet.
995 2380 1180 2443 Volusenus
1200 2381 1374 2463 perspectis
1389 2396 1421 2438 ao

305 2485 488 2568 regionibus
518 2492 674 2568 quantum
701 2488 732 2551 ei
764 2487 925 2551 facultatis
958 2486 1027 2551 dari
1058 2488 1176 2569 potuit,
1209 2489 1265 2569 qui
1297 2489 1373 2550 navi

306 2592 415 2675 egredi
438 2612 475 2655 ao
497 2613 530 2657 se
553 2592 696 2657 barbaris
717 2596 915 2659 committere
939 2613 1005 2657 nou
1030 2594 1174 2675 auderet,
1197 2592 1236 2657 V.
1261 2595 1313 2658 die
1334 2594 1375 2657 ad

307 2698 474 2765 Caesarem
495 2702 668 2765 revertitur
691 2720 837 2784 quaeque
861 2701 906 2764 ibi
929 2703 1339 2785 perspexissetrenuntiat.

249 2818 286 2872 uz
394 2805 480 2871 Dum
503 2810 540 2871 in
562 2808 613 2871 his
635 2808 715 2874 locis
739 2807 855 2873 Caesar
877 2809 1008 2872 navium
1036 2808 1250 2891 parandarum
1278 2827 1403 2872 causor

305 2923 459 2999 moratur,
483 2934 524 2979 ex
547 2936 663 2999 magna
686 2921 773 3000 parte
799 2915 999 2979 Morinorum
1027 2917 1067 2980 ad
1094 2935 1169 2979 eum
1195 2915 1292 2998 legati
1319 2936 1372 2979 ve·

305 3027 436 3104 nerunt,
460 3025 516 3105 qui
540 3042 574 3087 se
597 3024 637 3087 de
661 3025 834 3106 superioris
850 3024 1003 3107 temporis
1019 3023 1153 3087 consilio
1174 3028 1375 3105 excusarent,

306 3130 393 3210 quod
424 3131 570 3194 homines
604 3130 729 3193 barbari
756 3137 789 3194 ot
815 3135 943 3195 nostrae
967 3130 1207 3194 consuetudinis
1234 3131 1375 3213 imperiti

305 3235 426 3299 bellum
453 3237 571 3320 populo
599 3237 743 3301 Romano
771 3239 933 3320 iecissent,
962 3256 1060 3319 seque
1087 3257 1138 3319 ea,
1166 3256 1248 3319 quae
1276 3238 1406 3320 impe-s

278 3349 417 3425 orasset,
441 3344 581 3407 facturos
603 3345 838 3428 pollicerentur.
885 3345 945 3407 hoo
968 3344 1028 3407 sibi
1053 3343 1169 3408 Caesar
1191 3345 1266 3408 satis
1283 3364 1375 3427 opor-

305 3458 382 3512 tune
406 3449 560 3514 aceidisse
583 3452 768 3535 arbitratus,
793 3451 878 3535 quod
895 3470 1000 3535 neque
1016 3457 1087 3536 post
1102 3456 1229 3535 tergum
1250 3452 1373 3515 hostem

305 3556 485 3639 relinquere
509 3558 636 3622 volebat
654 3578 759 3642 neque
775 3559 852 3623 belli
867 3560 999 3643 gerendi
1014 3565 1143 3643 propter
1159 3561 1235 3622 anni
1251 3564 1376 3641 tempus

395 3770 510 3839 3longa
527 3777 631 3836 nauess
662 3770 671 3838 11
707 3770 783 3836 utifl
819 3771 827 3840 ll
864 3771 1025 3825 8effeoerat
1044 3791 1061 3821 α
1098 3775 1106 3837 ll
1144 3770 1178 3823 10
1196 3770 1254 3823 eius
1271 3768 1377 3823 insulae

305 3868 322 3927 β
358 3859 366 3927 ll
409 3861 440 3912 11
461 3857 648 3928 pollicerentur
665 3866 682 3926 β
723 3859 732 3926 ΙΙ
774 3860 808 3913 14
827 3860 902 3927 hisfl
938 3861 946 3928 ll
984 3862 1016 3913 17
1036 3876 1132 3928 magua
1150 3858 1211 3927 ΜΡ
1247 3860 1255 3924 ll
1293 3859 1326 3913 19
1344 3860 1377 3911 ut

306 3966 401 4019 om.‹p
433 3950 442 4017 ll
475 3949 517 4002 19.
537 3948 671 4017 ausoque
691 3967 720 4015 ας
740 3955 805 4015 sed
837 3950 845 4013 ll
880 3949 914 4003 20
933 3964 963 4003 eo
983 3948 1138 4020 celeriterfl
1169 3948 1178 4017 ll
1210 3948 1242 4001 21
1262 3947 1376 4017 regioni·

306 4039 355 4092 bus
373 4045 401 4106 5⁹3
419 4038 571 4107 regionibus
590 4038 712 4092 omnibus
731 4058 749 4089 α
781 4040 790 4108 [l
822 4037 934 4093 facultas
953 4038 1004 4093 As
1034 4038 1042 4106 ll
1075 4038 1172 4106 quiex
1192 4044 1297 4103 nauefl

395 4128 441 4182 22.
463 4130 475 4180 1
496 4127 570 4197 iisrp
602 4129 611 4197 ll
643 4127 838 4196 bpollicentur
857 4148 874 4179 o
898 4128 907 4197 ll
930 4128 988 4181 Hoc
1002 4146 1032 4194 o;
1050 4127 1159 4195 Haecss
1190 4127 1198 4195 ll
1230 4128 1255 4181 6.
1276 4125 1290 4179 'l
1311 4127 1377 4181 satis

306 4219 434 4286 oportune
453 4224 579 4285 oaesarss
