3134 4859
497 352 605 407 LIBnR
622 354 696 407 VIII.
717 354 794 408 CAP.
814 356 864 408 7-
872 356 896 410 9.
1165 342 1233 403 223

161 516 280 600 gularis
304 516 391 579 enim
414 516 541 580 virtutis
559 518 745 580 veterrimas
768 517 910 599 legiones
926 518 1008 599 VII,
1021 518 1110 600 VIII,
1123 519 1231 582 VIIII.

159 622 308 702 habebat,
334 642 479 686 summae
508 624 575 706 spei
604 623 809 706 delectaeque
836 625 1014 687 iuventutis
1041 624 1113 707 XI,
1148 644 1232 707 quae

160 734 271 793 octavo
296 730 360 792 iam
376 730 534 813 stipendio
550 734 656 793 tamen
679 731 716 792 in
731 729 911 794 conlatione
931 731 1128 814 reliquarum
1150 750 1231 795 non-

160 837 239 899 dum
271 836 405 900 eandem
438 838 603 901 vetustatis
641 857 678 899 ac
709 838 837 900 vlrtutis
874 843 1000 920 ceperat
1035 838 1228 921 epimonem.

118 968 146 1010 ιο
159 946 267 1026 itaque
300 944 433 1008 consilio
466 944 617 1007 advocato
650 944 747 1008 rebus
778 944 834 1026 iis,
870 964 950 1027 quae
984 945 1024 1007 ad
1058 964 1091 1008 se
1124 950 1262 1012 essenta

160 1051 295 1132 delatae,
319 1050 469 1114 omnibus
492 1051 646 1135 exposItis
670 1050 799 1113 animos
820 1050 1035 1115 multitudiuis
1055 1051 1229 1116 confirmat.
1270 1081 1273 1089 ·

159 1160 186 1222 si
208 1160 289 1223 forte
312 1158 419 1222 hostes
446 1159 543 1221 trium
566 1158 732 1242 legIonum
762 1178 895 1222 numero
919 1163 1026 1241 posset
1053 1160 1166 1223 elicere
1190 1159 1229 1222 ad

159 1265 390 1348 dimicandum,
419 1266 555 1348 agminis
579 1266 725 1330 ordinem
753 1267 799 1329 ita
821 1266 1000 1349 constituit,
1030 1270 1065 1329 ut
1088 1266 1232 1349 legiones

158 1371 239 1455 VII,
263 1371 362 1453 VIII,
386 1372 490 1435 VIIII.
515 1376 588 1436 ante
611 1374 719 1436 omnia
740 1374 826 1437 irent
847 1373 1089 1456 impedimenta,
1114 1373 1232 1437 deinde

118 1480 303 1542 nomnium
331 1478 633 1563 impedimentorum
662 1498 790 1563 agmen,
819 1479 905 1562 quod
933 1486 1040 1544 tamen
1069 1485 1136 1543 erat
1164 1498 1231 1543 me-

158 1586 278 1668 diocre,
306 1586 398 1649 utin
424 1585 684 1669 expeditionibus
712 1605 781 1650 esse
805 1588 982 1669 consuevit,
1010 1592 1137 1671 cogeret
1159 1586 1231 1669 XI,

60 1673 64 1681 ⁸
158 1711 199 1755 ne
221 1693 352 1756 maioris
379 1692 597 1756 multitudinis
624 1694 744 1776 species
774 1693 918 1757 accidere
945 1693 1091 1757 hostibus
1116 1700 1230 1776 posset,

159 1819 255 1881 quam
287 1800 350 1882 ipsi
382 1799 647 1883 depoposcissent.
693 1800 752 1865 hac
783 1799 907 1862 ratione
937 1819 1039 1883 paene
1073 1800 1259 1884 quadratos

157 1906 286 1990 agmine
310 1906 467 1969 instructo
490 1908 524 1968 in
541 1911 748 1989 conspectum
763 1906 903 1969 hostium
924 1906 1058 1970 celerius
1075 1907 1227 1989 opinione

130 2032 270 2076 reorum
293 2014 470 2077 exercitum
494 2012 632 2076 adducit.
679 2011 761 2075 Cum
782 2016 913 2095 repente
941 2015 1112 2077 Instructas
1136 2013 1269 2082 veluto

158 2121 193 2182 in
215 2121 284 2183 acie
307 2124 393 2183 certo
413 2120 514 2203 gradu
537 2120 680 2202 legiones
700 2121 850 2183 accedere
867 2119 950 2183 Galli
966 2120 1124 2201 viderent,
1149 2140 1228 2203 quo-

158 2246 230 2289 rum
258 2233 349 2289 erant
380 2227 421 2290 ad
449 2226 614 2291 Gaesarem
645 2227 741 2310 plena
771 2226 909 2290 fiduciae
938 2227 1073 2289 consilia
1101 2227 1229 2310 perlata,

158 2334 227 2396 sive
249 2334 432 2397 certaminis
454 2334 596 2416 periculo
626 2334 694 2397 sive
720 2333 827 2397 subito
856 2333 994 2397 adventu
1022 2334 1090 2397 sive
1113 2352 1229 2416 expec-

130 2442 277 2504 statione
298 2441 401 2504 nostri
424 2440 546 2504 consilii
564 2442 671 2524 copias
685 2440 849 2504 instruunt
873 2460 928 2524 pro
945 2442 1056 2504 castris
1080 2460 1139 2505 nec
1158 2442 1228 2504 loeo

157 2549 321 2631 superiore
338 2547 505 2611 decedunt
541 2546 669 2629 Caesar,
685 2550 744 2611 etsi
761 2548 915 2613 dimicare
931 2553 1105 2631 optaverat,
1121 2552 1227 2613 tamen
1243 2571 1261 2612 a

158 2655 332 2718 admiratus
360 2659 480 2718 tantam
508 2655 744 2718 multitudinem
771 2655 914 2719 hostium
938 2656 1021 2720 valle
1049 2656 1229 2720 intermissa

157 2762 260 2845 magis
288 2763 324 2825 in
352 2761 553 2825 altitudinem
581 2762 731 2844 depressa
760 2782 854 2842 quam
884 2762 947 2825 late
970 2768 1097 2844 patente
1126 2767 1229 2825 eastra

157 2870 270 2933 castris
297 2869 437 2932 hostIum
465 2869 594 2932 confert.
642 2868 719 2931 haec
747 2870 883 2951 imperat
910 2868 992 2930 vallo
1019 2867 1137 2950 pedum
1160 2866 1260 2931 XIIs

116 2991 143 3033 10
157 2976 294 3058 muniri,
326 2976 494 3038 loriculam
522 2994 580 3058 pro
609 2973 691 3058 [hac]
720 2976 844 3037 ratione
877 2974 947 3037 eius
975 2972 1151 3037 altitudime
1178 2976 1229 3036 in-

158 3082 332 3164 aedificari‚
354 3083 471 3146 fossam
495 3082 654 3165 duplicem
677 3081 795 3164 pedum
820 3081 956 3162 quinum
980 3079 1098 3143 denum
1122 3080 1228 3143 lateri-

157 3189 218 3253 bus
234 3189 370 3273 deprimi
387 3189 535 3271 dereotis,
559 3193 661 3251 turres
677 3188 813 3253 excitari
829 3187 955 3251 crebras
972 3187 1008 3249 in
1025 3181 1226 3250 altitudinem

156 3298 254 3360 trium
281 3295 509 3378 tabulatorum,
541 3296 692 3378 pontibus
720 3296 858 3360 traiectis
891 3295 1123 3377 constratisque
1151 3314 1226 3357 con-

156 3404 260 3485 iungi,
294 3422 430 3486 quorum
462 3403 580 3466 frontes
608 3403 746 3466 viminea
777 3402 914 3465 loricula
942 3402 1157 3484 munirentur,
1190 3407 1259 3464 uto

246 3579 469 3649 lelectaequess
499 3579 509 3647 11
539 3578 627 3633 8iam
647 3585 736 3646 emp
766 3579 776 3647 11
808 3578 938 3646 stipendio
957 3578 1149 3632 functatemcn
1162 3593 1225 3631 con·

155 3669 320 3736 locationess
350 3669 360 3737 1
392 3669 426 3722 13
444 3667 562 3738 legiones
581 3666 675 3736 Frip.;
693 3666 762 3737 legio
780 3666 812 3720 X
840 3667 849 3735 11
882 3667 916 3719 14
934 3667 995 3721 VII.
1015 3674 1105 3734 cnop
1135 3668 1144 3737 1
1175 3667 1227 3721 iret

157 3779 174 3810 o
206 3759 215 3827 1
249 3757 282 3812 18
299 3773 383 3826 paene
402 3764 491 3825 onass
521 3757 530 3825 11
564 3756 597 3811 19
615 3759 795 3825 conspectus

244 3848 307 3903 9.1
329 3845 396 3901 (lum
416 3865 446 3915 a,
466 3844 537 3912 Quas
556 3845 710 3917 legionesi]
741 3846 750 3914 11
783 3844 934 3914 2legiones
949 3862 1001 3899 om.
1014 3852 1032 3912 β
1063 3845 1071 3911 11
1103 3844 1229 3899 uiderent

156 3938 194 3991 ed.
208 3938 277 4005 inc.;
296 3937 422 3992 uiderunt
436 3954 466 4004 o3
486 3953 547 3990 cum
566 3936 718 4002 uiderentd
739 3935 749 4003 11
772 3936 788 3989 3
807 3935 940 4002 fiduciali
962 3936 970 4005 11
993 3936 1011 3988 4
1029 3935 1086 3989 siue
1100 3952 1159 4003 exp.
1171 3932 1229 4002 Αβς

157 4043 204 4080 seu
217 4043 277 4095 exp.
292 4046 309 4078 a
331 4027 341 4096 11
364 4026 399 4081 10
411 4026 515 4079 munire
534 4025 571 4093 os
587 4026 597 4094 11
618 4024 668 4079 bac
687 4025 736 4078 dol.
756 4025 835 4094 Lipe.
859 4026 868 4093 11
891 4024 980 4079 9-11
1002 4025 1060 4093 ped.
1081 4024 1145 4077 XII.
1165 4040 1229 4077 mu-

157 4114 552 4185 niri,coronisinaedifioa1ifl
588 4116 597 4184 11
634 4116 666 4167 11
688 4114 785 4168 denum
810 4114 920 4183 quinum
944 4133 961 4165 α
997 4113 1007 4182 11
1044 4112 1226 4167 11121119-

156 4205 229 4259 ribus
253 4205 365 4259 dcrectis
388 4204 556 4273 deprimitur,
584 4220 627 4258 res
651 4204 757 4258 crebras
775 4202 920 4270 excitariss
961 4202 969 4271 11
1011 4204 1045 4255 14
1063 4201 1173 4257 loricula
1192 4202 1230 4269 S;

156 4294 271 4349 loricula
288 4294 328 4361 X3
347 4294 431 4348 lurica
449 4294 467 4346 b
