3134 4859
341 288 382 351 14
435 292 437 297 ’
557 251 564 268 ⁸
740 301 846 355 BELLI
866 300 1009 355 GALLICI

340 465 444 549 qualis
471 470 554 528 esset
577 470 691 527 natura
713 464 832 527 montis
854 469 887 528 et
910 464 1014 547 qualis
1036 464 1071 525 in
1095 463 1232 526 circuitu
1261 481 1414 526 ascensus

314 571 397 655 oqui
415 577 644 654 cognoscerent
662 571 758 634 misit
797 572 1017 634 renuntiatum
1040 576 1089 634 est
1110 570 1235 632 facilem
1258 589 1333 633 esse.
1373 570 1415 633 de

340 679 433 741 tertia
463 678 574 762 vigilia
606 677 638 741 T.
662 676 854 760 Labienum,
885 677 1026 760 legatum
1059 696 1116 760 pro
1148 683 1307 760 praetore,
1339 694 1447 742 cuma

340 784 464 848 duabus
491 784 673 867 legionibus
701 790 733 847 et
758 785 800 847 iis
829 782 977 865 ducibus,
1011 785 1066 866 qui
1098 785 1160 846 tter
1191 788 1416 865 cognoverant,

340 911 502 955 summum
530 892 644 974 iugum
672 892 792 954 montis
820 889 990 954 ascendere
1017 889 1120 969 iubet;
1153 890 1232 972 quid
1260 890 1312 953 sui
1340 908 1415 952 con·

313 999 404 1063 asilii
436 1000 478 1061 sit
510 997 656 1061 ostendit
702 998 771 1080 ipse
805 997 844 1060 de
877 1001 989 1080 quarta
1016 997 1125 1080 vigilia
1153 995 1264 1059 eodem
1291 997 1416 1076 itinere,

341 1124 405 1187 quo
439 1105 544 1167 hostes
577 1105 693 1185 ierant,
726 1104 766 1167 ad
799 1122 854 1167 eos
886 1103 1050 1167 contendit
1076 1105 1319 1186 equitatumque
1347 1122 1415 1166 om-

313 1230 416 1276 anem
439 1217 513 1273 ante
537 1230 571 1273 se
595 1210 699 1273 mittit
743 1209 778 1274 P.
804 1207 987 1291 Considius,
1011 1212 1068 1293 qui
1091 1212 1138 1273 rei
1160 1210 1308 1273 militaris
1331 1210 1415 1293 peri-
1431 1236 1463 1277 ro

342 1318 485 1381 tissimus
520 1316 697 1381 habebatur
731 1323 764 1380 et
796 1318 831 1379 in
866 1318 1013 1380 exercitu
1044 1316 1078 1380 L
1103 1315 1211 1380 Sullae
1243 1322 1276 1379 et
1308 1322 1416 1400 postea

342 1426 376 1485 in
415 1422 457 1485 M.
491 1422 594 1487 Crassi
632 1425 747 1505 fuerat,
789 1443 864 1487 cum
898 1423 1155 1507 exploratoribus
1192 1425 1415 1507 praemIttitur.

287 1537 323 1591 22
341 1530 450 1593 ana
470 1531 555 1613 luce,
577 1551 652 1594 cum
672 1550 819 1594 summus
839 1550 932 1593 mons
952 1552 971 1593 a
992 1529 1115 1614 [Lucio]
1132 1529 1272 1593 Labieno
1295 1535 1446 1597 tenere-r

342 1643 409 1718 tur,
433 1638 501 1720 ipse
518 1636 557 1699 ab
573 1637 712 1700 hostium
734 1639 847 1700 castris
866 1656 932 1700 non
952 1637 1080 1719 longius
1100 1637 1188 1700 mille
1209 1645 1241 1700 et
1260 1638 1417 1720 quingen-

343 1746 384 1807 tis
407 1743 553 1827 passibus
578 1744 701 1807 abesset
724 1762 843 1827 neque,
872 1748 909 1807 ut
935 1749 1045 1826 postea
1068 1763 1109 1807 ex
1133 1745 1268 1827 captivis
1291 1762 1417 1826 compe

343 1850 399 1931 rit,
414 1856 470 1913 aut
485 1851 587 1933 ipsius
603 1850 759 1915 adventus
775 1857 831 1915 aut
847 1849 978 1914 Labieni
995 1853 1143 1933 cognitus
1159 1859 1254 1932 essct,
1271 1850 1417 1914 Considi-

316 1977 382 2023 2us
402 1976 484 2040 equo
506 1957 643 2021 admisso
668 1958 708 2021 ad
733 1977 808 2021 eum
828 1960 977 2040 accurrit,
1002 1958 1078 2021 dicit
1097 1962 1251 2038 montem,
1280 1976 1375 2041 quem
1397 1978 1447 2025 as

342 2063 482 2129 Labieno
517 2066 664 2147 occupari
698 2066 849 2144 voluerit,
882 2065 921 2127 ab
951 2064 1096 2127 hostibus
1129 2067 1243 2128 teneri:
1276 2065 1310 2127 id
1337 2084 1371 2128 se
1398 2085 1418 2126 a

316 2171 475 2236 aGaliicis
504 2174 598 2234 armis
628 2177 722 2253 atquc
750 2171 934 2254 insignibus
960 2173 1155 2254 cognovisse.
1202 2170 1316 2236 Caesar
1343 2190 1417 2234 suas

344 2278 452 2359 copias
470 2280 505 2340 in
522 2280 708 2360 proximum
731 2278 846 2341 collem
870 2277 1033 2358 subducit,
1057 2281 1159 2341 aciem
1181 2280 1319 2341 instruit.
1359 2276 1417 2340 La-

344 2384 473 2465 bienus,
506 2390 542 2447 ut
574 2389 642 2447 erat
673 2386 701 2446 ei
729 2390 933 2467 praeceptum
964 2405 982 2446 a
1010 2385 1157 2466 Caesare,
1189 2404 1230 2448 ne
1257 2386 1417 2469 proelium

345 2491 569 2572 committeret,
591 2491 654 2553 uisi
669 2491 771 2573 ipsius
795 2492 906 2575 copiae
921 2511 1019 2575 prope
1041 2492 1184 2555 hostiurn
1207 2498 1308 2555 castra
1329 2494 1417 2555 visae
1433 2518 1462 2559 ro

346 2602 466 2676 essent,
489 2602 525 2659 ut
547 2596 694 2680 undique
717 2618 783 2660 uno
808 2603 949 2681 tempore
971 2600 1006 2660 in
1029 2599 1134 2662 hostes
1158 2600 1296 2681 impetus
1319 2598 1417 2673 fieret,

345 2709 452 2768 monte
481 2708 634 2787 occupato
663 2710 788 2767 nostros
812 2704 1001 2787 expectabat
1022 2705 1208 2788 proelioque
1231 2705 1438 2798 abstinebat,

304 2797 446 2876 41'nulto
479 2811 620 2893 denique
653 2811 705 2874 die
737 2830 795 2894 per
824 2813 1039 2895 exploratores
1067 2812 1183 2876 Caesar
1209 2814 1360 2896 cognovit
1387 2817 1419 2875 et

345 2924 487 2981 montem
511 2931 530 2981 a
553 2919 619 2981 suis
643 2920 745 2982 teneri
770 2925 801 2981 et
815 2919 982 2983 Helvetios
1005 2924 1108 2983 castra
1126 2921 1266 2982 movisse
1290 2926 1322 2982 ct
1338 2918 1418 2982 Con-

346 3025 466 3087 siditun
488 3026 603 3088 tImore
626 3027 829 3108 perterrilum
854 3026 939 3107 quod
963 3046 1028 3088 non
1048 3025 1182 3089 vidisset
1204 3046 1260 3110 pro
1285 3028 1353 3089 viso
1377 3027 1418 3088 si·
1433 3052 1462 3093 re

320 3156 333 3196 5
347 3131 380 3193 bi
399 3133 641 3196 renuntiavisse.
681 3151 718 3195 eo
736 3133 786 3196 die
804 3152 868 3215 quo
885 3140 1052 3196 consuerat
1067 3133 1234 3197 intervallo
1249 3134 1356 3197 hostes
1371 3152 1419 3196 sc-

349 3239 459 3320 quitur
475 3244 507 3301 et
520 3240 610 3302 milia
632 3259 783 3322 passuum
806 3241 868 3302 tria
883 3239 923 3302 ab
939 3257 1050 3302 eorum
1073 3242 1182 3303 castris
1198 3246 1299 3302 castra
1321 3240 1418 3323 ponit.

293 3361 329 3416 23
436 3342 595 3409 Postridie
619 3346 689 3409 eius
713 3347 792 3426 diei,
821 3346 907 3428 quod
933 3347 1064 3409 omnino
1088 3346 1223 3410 biduum
1247 3352 1446 3430 supererat,r

348 3471 421 3514 cum
454 3454 610 3515 exercitui
641 3453 838 3516 frumentum
869 3455 978 3517 metiri
1010 3459 1181 3537 oporteret,
1219 3459 1251 3517 et
1283 3454 1369 3535 quod
1401 3473 1420 3514 a

348 3557 511 3641 Bibracte,
540 3560 655 3642 oppido
684 3558 893 3622 Haeduorum
916 3559 1011 3643 longo
1038 3562 1180 3623 maximo
1209 3567 1240 3623 et
1270 3561 1419 3643 copiosis-

348 3667 442 3747 simo,
465 3684 531 3727 non
548 3665 685 3748 amplius
700 3665 831 3728 milibus
845 3686 998 3748 passuum
1014 3666 1129 3730 XVIII
1148 3668 1268 3748 aberat,
1291 3668 1341 3729 rei
1355 3666 1420 3728 iru-

437 3931 484 3985 21.
504 3930 628 3999 equales
647 3929 802 3983 incircuitu
816 3928 925 3998 Buba)
962 3930 970 4002 Η
1007 3933 1024 3984 4
1042 3933 1232 4001 cognoscerent
1244 3948 1325 3997 rece,
1344 3931 1419 3996 Aru,

349 4019 559 4089 cognosceretX
593 4018 601 4090 Η
638 4019 697 4073 Ciis
707 4019 745 4071 cd.
756 4020 783 4085 13
799 4019 881 4072 hisX
910 4017 919 4091 ll
952 4020 1236 4074 liubetascenderen
1268 4019 1276 4090 ll
1309 4021 1343 4075 10
1353 4020 1382 4073 P.
1388 4038 1418 4088 χ;

349 4127 401 4162 Om·
422 4116 462 4178 (Ρβ

438 4216 484 4271 22.
505 4218 519 4269 1
540 4215 607 4270 lucio
626 4216 666 4283 X3
689 4215 739 4269 del.
758 4214 846 4285 Nipp.
884 4214 892 4286 ll
930 4217 963 4270 16
982 4220 1121 4271 consuerat
1140 4225 1201 4284 aa·;
1220 4217 1396 4271 consueuerat
1403 4223 1421 4282 β
