3134 4859
255 300 287 343 vl
621 290 623 297 ’
730 292 894 336 PRAEFATIO

255 477 323 518 cum
347 458 419 518 satis
442 459 537 518 multa
559 459 595 517 ab
618 458 778 517 editoribus
795 460 1005 535 praetermissa
1026 464 1057 518 et
1071 460 1206 536 neglecta
1229 478 1294 519 esse
1317 460 1375 519 iam

254 554 322 607 ante
346 549 399 607 hos
422 548 523 607 decem
547 565 639 607 annos
663 547 879 623 intellegerem,
903 548 963 606 iam
986 554 1049 607 tum
1073 550 1139 625 lpse
1156 550 1375 608 vetustissimos

255 638 345 696 huius
368 636 501 697 codicum
524 637 641 713 generis
669 636 772 710 libros,
801 637 853 695 ubi
881 637 1009 713 primum
1038 638 1106 697 data
1133 644 1212 697 esset
1240 638 1375 711 facultas

255 729 387 786 conferre
410 726 563 799 constitui,
587 732 620 784 ut
643 724 823 802 quicumque
850 725 882 783 in
906 726 1040 785 Caesaris
1067 734 1098 786 et
1119 727 1210 786 Hirtii
1237 727 1376 785 debello

255 815 367 875 Gallico
390 814 613 874 commentarios
636 832 754 891 operam
779 815 970 891 studiumque
997 814 1109 875 vellent
1136 816 1269 875 conferre
1296 821 1376 874 certo

254 904 339 981 quasi
367 904 558 963 fundamento
591 903 646 962 niti
672 910 803 980 possent
854 903 1028 979 Comparavi
1060 904 1152 980 igitur
1182 923 1260 963 auno
1290 906 1373 964 1892

255 992 385 1051 Beroliui
412 992 528 1051 codices
559 992 732 1051 uocantum
760 991 799 1067 (a)
827 998 857 1051 et
890 992 1140 1052 Viodobonensem
1161 994 1300 1070 pmnrcm
1326 994 1375 1069 (f),

254 1082 364 1140 Romae
394 1080 590 1140 Ursicionum
615 1081 669 1158 (l),
699 1080 863 1139 Florentiae
886 1087 1000 1157 partem
1028 1083 1219 1141 Rr'cccrdioni
1242 1082 1282 1159 (l).
1328 1082 1376 1140 Ex

254 1171 346 1229 altero
374 1170 508 1229 codicum
536 1188 643 1245 genere
673 1168 715 1247 (oei
743 1169 840 1228 adhuc
872 1171 1003 1229 nondum
1030 1171 1156 1230 collatus
1187 1177 1251 1230 erat
1282 1172 1376 1230 codex

255 1260 559 1319 Asbburnbomr'onns
587 1258 647 1334 (Slz
680 1259 761 1317 huuc
787 1277 906 1335 quoque
934 1259 1098 1319 Florentiae
1125 1260 1244 1319 contuli.
1295 1260 1376 1318 Libri

261 1348 396 1407 Vaticani
419 1347 476 1426 (M)
500 1348 699 1421 collationem,
723 1366 812 1423 quam
835 1354 904 1405 aute
920 1348 1042 1423 triginta
1064 1349 1126 1407 fere
1141 1367 1234 1408 annos
1249 1349 1376 1425 diligen-

254 1438 368 1497 tissime
392 1438 572 1511 confecerat‚
596 1436 631 1495 D.
656 1436 870 1509 Detlcfsenius‚
894 1436 940 1495 vir
962 1437 1104 1513 singulari
1126 1438 1254 1515 quadam
1273 1438 1376 1495 huma·

255 1526 347 1587 nitate
370 1532 400 1585 et
414 1526 590 1585 liberalitate
605 1525 769 1602 praeditus,
794 1525 1007 1603 benignissime
1021 1526 1095 1584 mihi
1111 1527 1244 1600 tradidit3
1268 1527 1376 1603 quibus

254 1622 353 1673 autem
377 1614 449 1673 locis
473 1649 514 1657 —
539 1615 660 1673 fuerunt
683 1614 727 1672 illi
751 1614 960 1691 quadringenti
983 1615 1103 1675 fere-
1120 1615 1294 1675 Detlcfsenii
1318 1616 1375 1674 col·

254 1704 326 1761 latio
341 1703 526 1779 discrepabat
545 1721 562 1760 a
578 1702 709 1778 Frigellii
725 1703 773 1761 vel
789 1703 921 1762 lldbueri
937 1703 1106 1778 collatione,
1130 1705 1168 1763 iis
1188 1705 1252 1781 ipse
1267 1705 1376 1763 Romae

254 1792 386 1851 codicem
395 1791 522 1869 inspexi,
533 1811 567 1852 ac
579 1810 696 1868 semper
707 1793 768 1851 fere
778 1792 994 1851 Detlcfsenium
1004 1811 1108 1851 verum
1117 1794 1228 1852 vidisse
1243 1794 1375 1869 cognovi.

254 1881 425 1940 Extremam
450 1898 521 1940 sane
544 1881 611 1940 libri
627 1880 695 1939 VII.
713 1886 827 1957 partem
849 1887 880 1941 et
899 1887 994 1940 totum
1009 1881 1119 1940 librum
1135 1881 1219 1941 VIII.
1236 1884 1376 1958 temporis

254 1971 400 2045 angustiis
423 1971 585 2047 impeditus
607 1970 754 2047 inspicere
782 1989 841 2027 non
869 1971 966 2045 potui3
994 1971 1146 2029 dimidium
1174 1972 1236 2030 fere
1263 1976 1376 2047 partem

255 2060 321 2118 libri
344 2059 427 2118 VIII.
451 2065 556 2134 rogatu
579 2076 656 2131 meo,
681 2058 760 2135 quod
783 2060 848 2117 eius
871 2058 965 2135 parcis
988 2060 1104 2119 collatio
1128 2060 1302 2120 Detlcfsenii
1325 2060 1376 2119 de·

255 2149 394 2225 perierat,
423 2149 551 2223 benigne
579 2147 704 2207 contulit
732 2151 887 2222 Augustus
915 2148 993 2207 Mau.
1045 2149 1160 2208 Codicis
1188 2149 1378 2208 Rc'coordo'om'

255 2239 320 2313 ipse
342 2237 508 2313 comparavi
524 2237 635 2296 librum
650 2236 748 2311 'VIII.;
772 2237 804 2294 in
821 2236 944 2313 reliquis
960 2237 1043 2296 libris
1058 2238 1178 2296 adhibui
1202 2256 1268 2297 cam
1287 2256 1376 2315 quam

255 2326 340 2385 Felix
367 2326 525 2385 Rumorino
553 2326 631 2383 foras
659 2325 741 2383 dedit
770 2326 969 2399 collationem,
998 2326 1050 2385 sed
1078 2334 1129 2385 eos
1156 2327 1236 2386 locos
1269 2328 1377 2404 quibus

255 2420 374 2491 propter
396 2416 579 2492 reliquorum
602 2414 734 2473 eiusdem
758 2414 862 2473 classis
882 2415 1016 2475 codicum
1032 2416 1201 2474 dissensum
1217 2417 1254 2474 de
1269 2416 1375 2474 Ramo·

255 2504 386 2563 rinianae
408 2496 572 2563 collationis
600 2504 659 2562 fide
687 2504 857 2563 dubitabam
888 2504 995 2580 partim
1022 2504 1088 2580 ipse
1115 2504 1279 2563 Florentiae
1307 2523 1376 2563 exa-

255 2593 378 2665 minavi,
406 2593 526 2669 partim,
550 2593 619 2668 plus
642 2599 804 2666 trecentos,
832 2591 976 2669 Georgius
1004 2593 1094 2668 Karo,
1122 2594 1297 2653 adulescens
1320 2594 1375 2651 hu-

255 2683 447 2742 inanissimus
475 2688 505 2741 et
536 2682 573 2740 de
600 2682 693 2741 Bellis
721 2682 905 2742 Caesarianis
937 2682 1048 2758 optime
1080 2683 1217 2756 maritus,
1254 2683 1377 2742 comiter

255 2773 360 2830 iterum
378 2771 518 2847 inspexit.
557 2769 641 2829 Idem
657 2771 765 2830 codicis
784 2770 1056 2830 Ashburnhamiaui
1072 2777 1192 2830 centum
1213 2772 1277 2831 fere
1296 2771 1377 2830 locos

255 2860 364 2937 quibus
385 2878 467 2919 meaa
488 2859 636 2919 collationi
657 2860 827 2919 diffidebam
850 2860 946 2919 denuo
962 2860 1102 2936 contulit3
1126 2879 1185 2936 qua
1208 2862 1272 2918 eius
1288 2878 1377 2936 opera

255 2958 301 3008 ter
332 2968 379 3008 me
411 2950 555 3009 erravisse
586 2949 656 3007 vidi.
713 2949 834 3007 Codices
868 2949 1110 3024 Boccorso'oncm
1137 2949 1159 3008 I.
1190 2947 1252 3024 (A),
1290 2949 1377 3006 Pori-

255 3040 358 3097 sr'num
381 3038 403 3097 I.
429 3039 491 3115 (Β),
514 3038 747 3114 Mopsiocenscm
766 3038 816 3115 (Q)
839 3037 904 3113 ipse
919 3038 1050 3096 nondum
1073 3038 1105 3095 iu
1121 3038 1257 3096 manibus
1277 3038 1377 3111 habui,

256 3128 309 3186 sed
332 3146 408 3203 quae
435 3128 471 3186 de
499 3128 546 3186 his
573 3127 658 3186 libris
684 3127 878 3185 inveniuntur
904 3127 936 3185 in
963 3126 1140 3185 editionibus
1168 3125 1377 3203 Oudendorpii,

256 3216 440 3289 Schneideri‚
464 3216 639 3293 Nipperdei,
663 3215 806 3291 Frigellii‚
829 3216 975 3289 Diibneri,
998 3215 1134 3282 Holdem',
1162 3233 1197 3273 ea
1220 3215 1378 3291 diligenter

255 3304 423 3363 examinata
438 3305 470 3363 iu
486 3305 560 3364 hano
581 3305 737 3363 editionem
755 3305 860 3380 recepi.
900 3305 1080 3364 Vossianum
1096 3304 1129 3378 Ι.,
1152 3303 1328 3363 Leidensem
1344 3304 1377 3378 Ι.,

255 3394 456 3453 Havuiensem
479 3393 501 3451 I.
526 3394 659 3470 aliosque
688 3393 804 3452 codices
828 3412 881 3452 cur
904 3393 1066 3470 spreverim
1088 3394 1152 3452 dixi
1175 3394 1207 3451 in
1230 3411 1377 3453 commen-

255 3483 339 3541 tariis
355 3482 540 3541 scholasticis
553 3482 793 3541 Berolinensibus
810 3483 1057 3558 (Jahresberichte
1073 3483 1127 3542 des
1143 3482 1377 3558 philologischen

258 3572 382 3633 Vereins
407 3590 444 3629 zu
467 3570 568 3629 Berlin
594 3573 677 3631 1885
703 3590 731 3647 p.
751 3574 814 3630 174
830 3573 913 3649 sqq).
962 3571 1104 3631 Consulto
1127 3573 1218 3630 etiam
1240 3572 1315 3629 duos
1330 3589 1377 3630 co·

256 3661 338 3719 dices
350 3659 563 3719 Laurentianos
576 3660 660 3735 (plut.
678 3663 728 3734 68,
745 3662 763 3719 8
780 3667 811 3719 et
829 3662 878 3733 68,
898 3662 928 3737 6)
946 3660 1079 3736 neglexi3
1099 3679 1168 3719 uam
1184 3660 1272 3719 Laur.
1284 3662 1335 3733 68,
1349 3662 1377 3732 6,

256 3751 308 3826 qui
331 3749 476 3809 Bandinio
499 3748 725 3825 antiquissimus
749 3750 832 3808 visus
855 3755 913 3823 est,
941 3754 1021 3807 totus
1048 3749 1243 3825 transcriptus
1271 3754 1378 3807 estex

256 3839 342 3900 Laur.
370 3840 420 3911 68,
445 3840 478 3913 8;
508 3839 557 3897 hic
583 3844 695 3912 autem,
724 3857 903 3914 quamquam
931 3838 962 3896 in
991 3838 1209 3896 commentariis
1237 3839 1274 3896 de
1301 3838 1378 3897 bello

256 3928 350 4000 civili,
374 3927 586 4001 Alexandrino,
610 3928 761 4000 Africano,
785 3927 977 4003 Hispaniensi
1001 3927 1032 3984 in
1055 3927 1233 4002 optimorum
1256 3944 1378 3986 numero

256 4020 303 4075 est
331 4017 498 4090 habendus,
526 4022 626 4076 tamen
653 4017 685 4074 in
713 4016 792 4075 bello
816 4014 930 4074 Gallico
958 4016 1031 4092 quin
1059 4034 1097 4073 ex
1123 4016 1258 4075 Parisino
1281 4014 1305 4074 I.
1329 4016 1378 4073 de·

257 4105 386 4181 scriptus
415 4105 465 4179 sit,
494 4105 550 4164 etsi
579 4124 672 4182 pauca
698 4105 857 4164 admodum
885 4105 983 4181 capita
1009 4106 1189 4180 comparavi,
1217 4105 1291 4163 mihi
1319 4122 1378 4163 non

257 4199 303 4255 est
326 4194 457 4253 dubium.
