3134 4859
522 325 629 379 LIBua
645 325 679 377 V.
700 324 775 379 CAP.
793 325 916 379 44-46.
1189 310 1250 371 125

134 512 167 555 as
180 493 353 552 cumvento
385 487 565 551 subsidium
597 488 659 551 fert
690 487 798 569 Pullo,
831 493 925 570 atque
953 487 1046 551 ambo
1075 487 1253 550 incolumes

181 594 402 679 compluribus
424 593 598 657 interfectis
621 614 746 657 summa
768 615 844 658 oum
867 595 961 657 laude
980 612 1050 657 sese
1074 594 1159 655 intra
1181 612 1252 655 ruu-

180 703 324 765 nitiones
346 701 513 784 recipiunt
559 702 606 763 sic
620 700 749 763 fortuna
762 702 798 763 in
814 702 1015 765 contentione
1032 705 1064 763 et
1078 701 1251 763 certamine
1267 723 1293 763 rr
1328 728 1330 733 v

181 814 356 889 utrumque
379 808 529 889 versavit,
552 811 589 870 ut
611 807 691 871 alter
712 808 803 871 alteri
824 808 973 871 inimicus
997 806 1119 869 anxilio
1143 805 1253 869 saluti-

182 935 246 997 que
270 919 355 978 esset
375 933 481 995 neque
504 913 673 977 diiudicari
697 918 817 996 posset,
842 919 913 978 uter
936 916 1000 976 utri
1024 914 1141 976 virtute
1165 919 1252 976 ante-

135 1046 168 1088 ao
181 1021 333 1085 ferendus
356 1020 526 1089 rideretur.

155 1154 168 1194 r
274 1126 399 1201 Quanto
423 1128 542 1191 eratin
557 1127 625 1191 dies
640 1128 769 1210 gravior
784 1133 880 1209 atque
896 1129 1036 1210 asperior
1051 1128 1253 1210 oppugnati0‚
1271 1140 1308 1193 45

182 1239 216 1299 et
238 1235 379 1297 maxime
403 1232 488 1317 quod
506 1254 623 1317 magna
640 1239 728 1316 parte
748 1234 885 1297 militum
905 1234 1049 1297 conlecta
1064 1232 1254 1297 vulneribus

182 1361 236 1405 res
259 1340 300 1405 ad
322 1342 514 1423 paucitatem
531 1340 734 1404 defensorum
750 1345 951 1423 pervenerat,
974 1346 1061 1404 tanto
1079 1341 1254 1405 crebriores

182 1448 308 1511 litterae
331 1449 502 1528 nuntiique
525 1446 565 1509 ad
589 1446 756 1511 Caesarem
773 1446 994 1528 mittebantur3
1021 1466 1158 1529 quorum
1181 1468 1254 1531 pars

153 1555 384 1638 sdeprehcnsa
404 1556 441 1617 in
463 1559 637 1636 conspectu
654 1558 838 1618 nostrorum
857 1554 995 1617 militum
1018 1574 1092 1617 oum
1111 1556 1255 1618 cruciatu

183 1660 366 1724 necabatur.
403 1665 472 1724 erat
493 1680 578 1723 unus
595 1662 683 1723 intu's
700 1661 852 1743 Nervius,
875 1662 1005 1724 nomine
1023 1660 1160 1745 Vertico,
1184 1662 1282 1724 locoa

183 1773 281 1831 natus
303 1768 450 1849 honeste,
478 1769 535 1848 qui
558 1769 702 1850 aprima
724 1767 890 1831 obsidione
914 1767 953 1829 ad
977 1765 1160 1831 Ciceronem
1184 1788 1255 1851 per-

184 1874 310 1958 fugerat
327 1894 482 1957 suamqne
501 1875 533 1937 ei
550 1874 646 1938 fidem
663 1876 869 1957 praestiterat
902 1874 954 1936 hic
974 1893 1066 1937 servo
1086 1894 1140 1957 spe
1159 1874 1282 1938 liber-3

185 1983 260 2044 tatis
286 1983 477 2064 magnisque
498 1980 670 2064 persuadet
691 1982 853 2063 praemiis,
877 1986 913 2043 ut
935 1981 1055 2043 litteras
1079 1981 1119 2043 ad
1143 1980 1255 2045 Caesa-

142 2112 171 2153 ro
185 2108 255 2151 rem
278 2088 405 2152 deferat.
451 2089 509 2151 hae
532 2087 587 2150 ille
609 2090 645 2151 in
667 2088 771 2151 iaculo
795 2088 941 2171 inligatas
970 2086 1060 2151 effert
1087 2093 1118 2150 et
1145 2087 1283 2151 Callusr

185 2197 271 2259 inter
304 2195 411 2260 Gallos
445 2196 514 2258 sine
542 2195 609 2258 ulla
635 2196 818 2277 suspicione
845 2200 988 2257 versatus
1021 2194 1061 2256 ad
1090 2192 1256 2259 Caesarem

185 2303 341 2384 pervenit
387 2301 427 2365 ab
450 2321 489 2365 eo
508 2301 548 2365 de
565 2301 718 2384 periculis
737 2300 900 2365 Ciceronis
920 2301 1120 2384 legionisque
1139 2321 1283 2385 cogno-s

157 2410 294 2472 recitur.
341 2408 456 2473 Caesar
479 2410 616 2491 acceptis
639 2409 753 2472 litteris
775 2408 855 2471 hora
878 2409 1003 2471 circiter
1025 2408 1085 2472 XI.
1107 2408 1170 2472 diei
1194 2414 1256 2472 sta-
1274 2425 1310 2478 46

186 2517 244 2579 tim
269 2517 418 2578 nuntium
441 2517 477 2577 in
500 2514 687 2579 Bellovacos
714 2515 756 2577 ad
782 2513 825 2577 Μ.
851 2514 999 2580 Crassum
1026 2517 1136 2596 mittit,
1165 2517 1256 2579 cuius

186 2622 321 2687 hiberna
344 2622 476 2687 aberant
498 2622 538 2685 ab
561 2641 599 2685 eo
622 2622 711 2685 milia
733 2640 886 2705 passuum
904 2621 1016 2703 XXV;
1040 2622 1130 2685 iubet
1151 2623 1284 2688 mediae

186 2734 281 2793 nocte
304 2729 463 2811 legionem
486 2728 646 2812 proficisci
669 2729 877 2810 celeriterque
901 2728 942 2791 ad
966 2749 999 2793 se
1026 2730 1143 2793 venire.
1190 2731 1258 2793 exit

156 2855 263 2899 ecum
294 2838 410 2899 nuntio
443 2834 583 2899 Crassus.
639 2836 775 2899 alterum
807 2836 846 2898 ad
884 2833 916 2899 C.
948 2834 1082 2898 Fabium
1116 2836 1284 2917 legatume

187 2944 297 3025 mittit,
319 2944 413 3006 utin
436 2942 639 3007 Atrebatium
661 2941 741 3006 fines
759 2942 919 3024 legionem
938 2942 1085 3023 adducat,
1111 2962 1174 3023 qua
1197 2942 1256 3005 sibi

187 3051 250 3112 iter
276 3050 458 3113 faciendum
485 3050 612 3113 sciebat.
663 3048 773 3113 scribit
801 3048 953 3131 Labiene,
983 3050 1009 3111 si
1036 3049 1085 3111 rei
1112 3048 1284 3131 publicaer

187 3156 355 3219 commodo
378 3156 484 3220 facere
506 3158 617 3240 possit,
646 3177 720 3220 cum
742 3156 869 3238 legione
898 3156 937 3218 ad
960 3154 1040 3219 fines
1064 3154 1257 3219 Nerviorum

188 3264 303 3325 veniat.
353 3263 511 3345 reliquam
542 3269 664 3346 partem
696 3264 870 3345 exercitus,
905 3262 991 3344 quod
1023 3262 1118 3345 paulo
1150 3262 1258 3326 aberat

144 3391 174 3432 ιο
187 3370 330 3452 lougius,
362 3388 428 3432 uon
460 3374 550 3452 putat
576 3369 820 3453 expectandam
851 3371 975 3451 equites
1003 3371 1127 3433 circiter
1156 3367 1257 3432 CCCC

278 3617 313 3670 25
331 3618 383 3670 fert
400 3616 549 3670 subsidium
568 3637 585 3668 a
617 3618 625 3685 ll
658 3617 700 3671 26.
714 3617 747 3670 27
761 3617 831 3670 intra
845 3616 1005 3670 munitiones
1018 3623 1076 3682 sep
1108 3618 1116 3685 ll
1149 3616 1183 3669 28
1197 3632 1258 3669 uer·

188 3707 261 3760 seuit
280 3706 343 3775 <ita>
363 3706 426 3759 HM

278 3796 324 3851 45.
344 3794 361 3849 8
380 3811 510 3864 suamque
527 3794 567 3862 X;
587 3811 771 3863 summamque
790 3796 866 3849 Paul
897 3795 905 3863 ll
937 3796 990 3864 hic]
1010 3795 1105 3865 huiop
1138 3798 1146 3860 ll
1180 3795 1214 3849 10
1233 3795 1259 3847 in

187 3892 279 3951 onae
310 3887 319 3954 ll
351 3885 471 3951 aulone
501 3885 510 3952 ll
543 3885 828 3952 121300guoscitfl

278 3974 325 4029 46.
347 3977 359 4026 1
382 3974 486 4028 circiter
503 3974 603 4042 horati
634 3977 642 4043 ll
674 3974 897 4043 2bellcuagosfl
934 3976 942 4037 ll
979 3977 1014 4027 fir.
1035 3990 1154 4028 crassum
1179 3989 1260 4042 quae-

189 4066 290 4117 storem
307 4064 390 4117 mittit
408 4083 426 4115 α
462 4066 470 4133 ll
507 4064 689 4118 6atrebatum
709 4083 727 4114 a
763 4066 772 4132 ll
810 4063 1053 4117 lancheimensi
1090 4065 1098 4127 ll
1134 4064 1260 4130 Sposset

190 4172 226 4223 ιιρ
267 4155 276 4222 ll
316 4152 402 4222 possit
419 4153 518 4221 (posset
539 4154 566 4223 ρ)
590 4153 714 4220 laceret
754 4155 762 4221 ll
805 4154 839 4207 10
861 4153 1053 4221 expectandam
1074 4170 1104 4219 ας
1133 4167 1259 4205 exercen-

189 4244 287 4311 damst
