3134 4859
331 317 372 378 78
730 331 836 385 BELLI
854 330 996 386 GALLICI

330 495 425 558 titant
447 498 478 557 et
500 494 561 577 ipsi
584 500 713 578 propter
735 496 1002 578 propinquitatem
1028 493 1138 579 [qnod]
1169 493 1299 557 Gallicis
1322 500 1444 559 sunt1o

300 601 472 665 amoribus
499 600 681 665 adsuefacti.
733 602 790 665 hos
819 621 893 664 cum
921 600 1018 665 Suebi
1046 602 1155 665 multis
1182 621 1276 685 saepe
1304 601 1399 665 bellis

328 709 451 792 experti
474 713 603 791 propter
626 708 867 791 amplitudinem
892 709 1142 792 gravitatemque
1165 709 1303 772 civitatis
1324 707 1398 771 fini·

328 816 388 880 bus
412 815 572 898 expellere
596 834 661 879 non
685 817 875 899 potuissent,
898 820 1004 879 tamen
1032 815 1203 898 vectigales
1225 815 1287 878 sibi
1314 816 1399 879 fece·

325 927 404 986 runt
427 943 463 985 ac
486 922 587 985 multo
611 922 797 986 humiliores
819 922 1075 1003 infirmioresqne
1098 922 1297 1005 redegerunt.

290 1044 307 1096 4
416 1030 455 1093 In
479 1030 589 1094 eadem
614 1049 710 1093 causa
736 1029 868 1093 fuerunt
896 1026 1044 1112 Usipetes
1070 1034 1104 1093 et
1129 1030 1288 1110 Tencteri,
1317 1048 1425 1112 qnosr

327 1158 423 1221 supra
445 1136 601 1216 diximns3
627 1137 683 1217 qui
707 1136 887 1219 complures
906 1154 1008 1199 annos
1023 1134 1203 1199 Sueborum
1218 1137 1285 1198 rim
1302 1137 1398 1199 susti-

300 1249 478 1324 anuerunt,
512 1244 552 1305 ad
586 1248 766 1306 extremum
799 1247 905 1306 tamen
941 1244 1026 1326 agris
1058 1243 1185 1325 expulsi
1221 1247 1252 1305 et
1287 1243 1399 1305 multis

325 1351 404 1413 locis
433 1348 621 1414 Germaniae
649 1350 827 1412 triennium
859 1350 963 1432 vagati
996 1349 1036 1411 ad
1067 1348 1216 1413 Rhenum
1243 1368 1399 1433 pervene-

326 1461 413 1537 runt,
438 1478 517 1540 quas
540 1458 687 1540 regiones
710 1456 853 1539 Menapii
876 1455 1066 1520 incolebant
1112 1456 1145 1518 hi
1169 1456 1208 1519 ad
1227 1461 1431 1539 utramques

299 1564 427 1648 aripam
458 1563 600 1627 fluminis
633 1582 738 1647 agros,
771 1563 915 1628 aedificia
947 1564 1100 1645 vicosque
1133 1562 1306 1641 habebant3
1339 1564 1398 1627 sed

327 1676 431 1734 tantae
463 1670 678 1734 multitudinis
712 1671 852 1733 adventu
884 1671 1043 1753 perterriti
1080 1689 1122 1733 ex
1158 1671 1198 1733 iis
1234 1670 1398 1752 aedificiis,

327 1797 409 1859 quae
433 1783 519 1841 trans
542 1778 664 1841 flumen
687 1776 878 1858 habuerant,
907 1778 1163 1861 demigraverant
1190 1781 1222 1841 et
1244 1778 1291 1840 cis
1313 1777 1398 1841 Rhe-

325 1904 404 1948 num
428 1884 588 1968 dispositis
615 1886 782 1968 praesidiis
811 1884 986 1948 Germanos
1014 1886 1149 1948 transire
1176 1882 1397 1967 prohibebant.

298 1993 373 2056 rilli
407 1993 514 2056 omnia
548 1994 685 2075 experti,
722 2012 798 2056 cum
832 2010 939 2073 neque
975 1993 1009 2054 vi
1041 1990 1233 2070 contendere
1267 1996 1398 2073 propter
1414 2012 1445 2053 ro

325 2102 466 2183 inopiam
498 2101 630 2161 navium
663 2117 770 2181 neque
804 2098 886 2161 clam
919 2099 1054 2161 transire
1081 2103 1208 2181 propter
1236 2097 1397 2160 custodias

326 2206 545 2290 Menapiorum
574 2210 717 2289 possent,
744 2206 862 2269 reverti
889 2224 923 2268 sc
950 2208 985 2267 in
1012 2224 1087 2268 suas
1114 2206 1205 2268 sedes
1232 2204 1397 2289 regiones·

298 2332 388 2397 sque
412 2313 645 2377 simulaverunt
672 2317 704 2375 et
726 2313 824 2375 tridui
852 2313 936 2374 viam
963 2314 1122 2395 progressi
1150 2331 1262 2375 rursus
1290 2331 1396 2375 rever-

325 2420 436 2484 terunt
460 2424 555 2500 atque
584 2420 672 2481 omni
700 2421 759 2482 hoc
787 2420 900 2484 itinere
933 2439 998 2482 nna
1025 2425 1120 2483 nocte
1148 2421 1291 2500 equitatu
1320 2438 1396 2482 con-

298 2528 407 2590 stecto
436 2527 555 2589 inscios
582 2528 849 2609 inopinantesque
878 2526 1043 2609 Menapios
1071 2531 1311 2609 oppresserunt,
1340 2528 1395 2608 qui
1409 2546 1442 2587 ιε»

326 2633 365 2696 de
390 2634 622 2696 Gemranorum
647 2633 790 2696 discessu
817 2652 874 2717 per
897 2632 1114 2716 exploratores
1142 2633 1294 2695 certiores
1321 2631 1396 2696 lacti

326 2742 395 2804 sine
427 2745 515 2803 metu
548 2745 635 2803 trans
662 2740 811 2803 Rhenum
844 2741 879 2802 in
907 2759 983 2802 suos
1016 2741 1103 2802 vicos
1134 2740 1395 2822 remigraverunt.

299 2848 375 2911 rhis
403 2847 579 2910 interfectis
612 2847 813 2929 navibusque
842 2865 951 2909 eornm
981 2848 1153 2929 occupatis,
1180 2847 1269 2930 prins
1298 2866 1393 2928 quam

325 2974 361 3018 ea
393 2974 466 3038 pars
493 2954 730 3037 Menapiorum,
764 2974 846 3037 quae
879 2955 959 3016 citra
984 2952 1134 3016 Rhenum
1167 2958 1246 3034 erat,
1279 2954 1396 3016 certior

323 3062 426 3144 ficret,
459 3062 581 3125 flumen
614 3061 813 3124 transierunt
844 3067 939 3142 atque
970 3060 1120 3123 omnibus
1148 3078 1259 3122 eorum
1286 3059 1394 3123 aedifi·
1408 3078 1440 3119 ro

325 3170 383 3231 ciis
417 3170 577 3251 occupatis
610 3168 767 3249 reliquam
794 3173 916 3252 partem
948 3168 1061 3230 hiemis
1094 3186 1127 3230 se
1155 3185 1265 3229 eorum
1294 3168 1394 3250 copiis

325 3276 480 3339 aluerunt.

288 3391 306 3443 5
414 3382 473 3446 His
503 3383 541 3446 de
570 3383 665 3446 rebus
695 3380 811 3446 Caesar
838 3384 954 3445 certior
981 3382 1084 3445 factus
1117 3387 1149 3445 et
1175 3381 1421 3444 infirmitatem

325 3489 489 3552 Gallorum
505 3492 639 3572 veritus,
665 3490 751 3572 quod
767 3494 843 3552 sunt
866 3491 900 3551 in
916 3488 1057 3551 consiliis
1073 3488 1235 3571 capiendis
1257 3488 1392 3552 mobiles

415 3719 448 3773 10
466 3719 536 3786 quod
555 3719 605 3772 del.
631 3718 707 3771 Vosc.
746 3718 754 3788 ll
793 3720 824 3771 11
845 3718 920 3772 suebi
943 3737 971 3788 ρς
995 3717 1070 3771 suani
1091 3736 1133 3769 cn
1168 3716 1177 3788 ΙΙ
1215 3718 1249 3769 14
1271 3718 1394 3771 reddide—

323 3812 386 3861 runt
403 3807 564 3860 *HJMotnr

411 3900 439 3951 4.
461 3899 474 3949 1
494 3897 622 3950 tenctheri
630 3915 662 3965 χ;
682 3896 1000 3966 tenchte1·i‹p;titherip
1036 3895 1044 3967 ll
1081 3895 1260 3964 ‘Zcomplnres
1278 3902 1307 3963 βς
1331 3912 1391 3949 cum

323 3986 413 4055 plures
433 4006 449 4037 α
486 3984 494 4056 Ι)
531 3986 671 4039 sueborum
696 3985 717 4051 l;
746 4001 890 4038 suenorum
909 3986 939 4039 X
973 3985 981 4055 ll
1018 3985 1089 4040 effi
1109 3992 1138 4052 4⁴³3
1163 3989 1189 4039 et
1211 4005 1228 4036 c
1265 3984 1274 4056 tl
1311 3986 1393 4039 iad-

323 4080 406 4129 uontu
424 4082 453 4142 Mi
472 4074 545 4127 aditu
564 4094 594 4125 c·
618 4073 626 4144 11
663 4074 694 4127 iis
721 4074 813 4141 Vosc.;
836 4074 879 4127 his
897 4075 927 4127 X
962 4073 969 4144 Η
1005 4074 1260 4143 ildemigrauerant
1282 4074 1392 4138 Moram

323 4165 538 4233 demigrauerunt
555 4163 586 4215 X
618 4163 626 4234 ll
665 4166 697 4216 17
717 4164 964 4232 remigraueruntp
1001 4163 1008 4234 ll
1046 4164 1079 4218 19
1099 4167 1156 4217 erat
1176 4183 1206 4231 c3
1225 4164 1271 4232 qni
1290 4164 1318 4216 in
1336 4163 1394 4217 suis

323 4254 429 4308 sedibus
448 4254 546 4321 eratnlt
563 4260 580 4319 β
