3134 4859
481 341 588 396 LIBER
605 342 627 395 Ι.
648 341 724 395 ΟΑΡ.
743 342 867 395 43-44.
1164 323 1205 385 31

135 526 269 571 manum
297 505 491 590 stipendium
523 505 705 569 remittatur
737 508 769 567 ct
801 503 943 567 dediticii
971 501 1207 580 subtrahantur,

134 634 203 677 non
225 614 334 677 minus
356 612 494 676 libenter
516 630 586 675 sese
601 616 824 674 recusaturum
843 609 953 693 populi
968 609 1105 673 Romani
1129 609 1207 671 ami-

136 722 244 785 citiam
269 740 367 804 quam
387 720 562 801 adpetierit.
610 717 695 801 quod
712 716 955 780 multitudinem
975 716 1234 781 Germanorume

92 852 121 894 ao
135 831 170 891 in
195 827 331 891 Galliam
354 826 511 908 traducat,
534 825 568 888 id
591 843 625 887 se
649 824 699 887 sui
720 824 903 905 muniendi,
926 842 991 886 non
1012 821 1133 886 Galliae
1154 840 1208 905 op-

135 935 328 1019 pugnandae
352 952 449 996 causa
470 931 587 1011 facere3
613 932 683 994 eius
705 932 753 994 rei
776 931 995 994 testimonium
1014 948 1097 1009 esse,
1121 927 1208 1011 quod

135 1042 202 1105 nisi
225 1046 354 1124 rogatus
375 1059 441 1103 non
461 1040 586 1103 venerit
608 1043 640 1102 et
660 1036 746 1119 quod
762 1037 884 1101 bellum
899 1055 965 1100 non
980 1036 1137 1118 intulerit,
1152 1036 1209 1098 sed

138 1147 324 1212 defenderit.
371 1166 405 1210 se
431 1146 519 1229 prius
546 1146 581 1207 in
610 1144 746 1208 Galliam
772 1145 901 1208 venisse
929 1164 1026 1227 quam
1053 1143 1235 1225 populumr

138 1254 327 1319 Romanum.
367 1271 543 1334 numquam
567 1257 640 1315 ante
664 1252 725 1315 hoo
748 1256 874 1335 tempus
897 1252 1076 1315 exercitum
1098 1249 1209 1332 populi

97 1384 124 1426 25
138 1361 276 1426 Romani
301 1360 421 1423 Galliae
451 1360 634 1441 provinciae
664 1358 784 1422 finibus
815 1375 985 1441 egressum.
1033 1357 1111 1438 quid
1145 1355 1236 1423 sibis

137 1468 256 1532 vellet?
279 1468 384 1530 curin
401 1485 476 1530 suas
494 1467 710 1550 possessiones
728 1466 873 1529 veniret?
895 1464 1095 1547 provinciam
1117 1482 1208 1526 suam

137 1574 222 1637 hanc
244 1592 313 1637 esse
338 1572 486 1656 Galliam,
514 1573 600 1636 sicut
621 1572 711 1635 illam
733 1578 883 1635 nostram.
930 1577 966 1634 ut
991 1572 1053 1654 ipsi
1076 1571 1209 1634 concedi

138 1700 203 1745 non
220 1684 391 1765 oporteret,
414 1681 491 1743 siin
508 1685 634 1743 nostros
649 1678 730 1743 fines
746 1680 901 1762 impetum
916 1677 1047 1760 iaceret,
1070 1679 1116 1741 sic
1131 1679 1208 1740 item

137 1808 197 1851 nos
213 1807 282 1852 esse
297 1788 437 1869 iniquos,
454 1787 541 1869 quod
556 1787 592 1849 in
608 1806 666 1849 suo
682 1786 753 1849 iure
765 1805 800 1849 se
815 1785 1097 1868 interpellaremus.
1123 1785 1235 1865 quode

96 1916 123 1958 ao
136 1896 249 1959 fratres
273 1915 292 1957 a
314 1899 428 1958 senatu
451 1892 603 1958 Haeduos
632 1893 805 1976 appellatos
833 1893 966 1974 diceret,
994 1911 1060 1955 non
1088 1897 1210 1955 setam

139 2002 311 2066 barbarum
326 2019 432 2081 neque
449 2006 514 2064 tam
529 2000 716 2083 imperitum
731 2018 800 2063 esse
823 2018 944 2081 rerum,
967 2005 1004 2062 ut
1025 2017 1092 2061 non
1115 2000 1211 2061 sciret

107 2162 115 2183 .
136 2128 245 2192 neque
269 2108 353 2173 bello
368 2107 580 2191 Allobrogum
602 2108 749 2190 proximo
773 2105 926 2169 Haeduos
942 2104 1095 2169 Romanis
1118 2107 1209 2168 auxi-

136 2217 219 2279 lium
244 2216 355 2279 tulisse
378 2233 484 2297 neque
507 2216 594 2297 ipsos
616 2216 650 2276 in
666 2214 716 2277 his
732 2211 1004 2294 contentionibus,
1029 2232 1109 2295 quas
1124 2212 1209 2276 Hac-

136 2323 198 2386 dui
221 2341 331 2386 secum
363 2326 395 2385 et
426 2341 501 2385 cum
530 2320 687 2402 Sequanis
715 2320 913 2402 habuissent,
946 2318 1069 2382 auxilid
1100 2320 1210 2403 populi

97 2430 277 2493 aaRomani
299 2448 374 2491 usos
398 2448 475 2492 esse.
505 2428 620 2492 debere
640 2448 674 2493 se
690 2416 848 2512 suspidari
871 2427 1020 2490 simulata
1043 2426 1210 2491 Caesarem
1224 2450 1251 2492 10

136 2537 281 2600 amicitia
304 2554 399 2617 quem
421 2536 598 2598 exercitum
616 2536 651 2597 in
672 2535 775 2598 Galba
794 2532 909 2597 habeat
936 2534 987 2597 sui
1010 2535 1211 2617 opprimendi

139 2663 238 2707 causa
259 2642 384 2706 habere.
431 2643 488 2724 qui
511 2643 574 2705 nisi
597 2641 728 2705 decedat
751 2648 847 2723 atque
875 2642 1050 2704 exercitum
1075 2641 1211 2705 deducat
1225 2664 1250 2704 11

140 2771 182 2815 ex
198 2750 249 2813 his
264 2750 459 2833 regionibus,
483 2768 552 2813 sese
575 2749 668 2812 illum
683 2767 748 2812 non
764 2768 821 2832 pro
838 2749 950 2831 amico,
974 2747 1030 2811 sed
1049 2768 1104 2830 pro
1121 2748 1210 2812 hoste

140 2857 334 2921 habiturum.
382 2857 468 2939 quod
492 2857 519 2920 si
543 2875 617 2920 eum
639 2855 850 2939 interfecerit,
873 2855 983 2918 multis
1003 2872 1074 2917 sese
1096 2854 1251 2918 nobili-12

105 2964 203 3028 robus
226 2963 489 3046 principibusque
512 2962 621 3046 populi
641 2962 778 3026 Romani
802 2967 928 3046 gratum
953 2981 1021 3025 esse
1044 2962 1211 3044 facturum,

144 3071 226 3133 -id
235 3089 269 3134 se
279 3070 318 3133 ab
328 3071 406 3153 ipsis
415 3089 472 3153 per
482 3089 592 3133 eorum
602 3070 732 3133 nuntios
742 3075 941 3152 compertum
950 3069 1211 3151 habere-quo-

142 3197 215 3241 rum
238 3177 383 3240 omnium
398 3177 534 3261 gratiam
550 3183 645 3257 atque
662 3177 834 3239 amicitiam
850 3176 921 3239 eius
936 3181 1040 3239 morte
1055 3176 1211 3239 redimere

144 3288 255 3367 posset.
303 3282 389 3364 quod
413 3285 439 3347 si
463 3283 650 3348 decessisset
673 3288 705 3346 et
727 3283 860 3346 liberam
884 3283 1118 3365 possessionem
1139 3282 1211 3345 Gal·
1226 3303 1253 3345 ra

143 3390 204 3455 liae
228 3390 289 3455 sibi
312 3390 506 3473 tradidisset,
529 3410 644 3474 magno
669 3410 702 3454 se
725 3390 818 3452 illum
832 3390 975 3473 praemio
994 3395 1212 3453 remuneratu-

234 3637 267 3691 18
287 3653 315 3691 se
333 3636 480 3705 libentorfl
515 3638 524 3706 11
561 3637 596 3693 20
614 3652 644 3691 se
663 3652 760 3708 suosp
797 3637 807 3706 11
843 3636 885 3691 20.
906 3636 938 3689 21
958 3636 1144 3707 impugnandae
1164 3657 1181 3689 a
1204 3636 1213 3709 11

149 3724 178 3778 21
197 3726 347 3781 testimonio
365 3725 429 3793 B'p
460 3727 468 3795 11
501 3726 534 3780 25
549 3726 646 3780 finibus
661 3742 799 3795 egressum
815 3744 845 3792 ας
863 3726 930 3780 fines
944 3726 1095 3795 ingressum
1115 3725 1213 3798 (311111

150 3812 180 3887 27
198 3831 257 3869 esse
275 3815 378 3903 hancp
410 3815 418 3883 11
450 3816 520 3869 sicut
539 3833 569 3883 a,
588 3818 653 3883 utp
684 3816 693 3883 11
725 3816 760 3870 30
778 3816 874 3869 fratres
897 3832 913 3868 a
936 3819 1031 3891 senatu
1053 3816 1174 3882 Brutum
1197 3832 1213 3869 a

151 3918 177 3956 se
193 3911 220 3971 (³3
243 3906 338 3958 fratres
358 3924 375 3956 α
407 3905 417 3973 11
448 3903 593 3973 appellatos
613 3923 643 3971 α;
667 3903 813 3974 appellatos
831 3903 931 3958 amicos
949 3923 977 3975 p,
1000 3904 1100 3958 amicos
1122 3903 1211 3973 appel-

150 3990 251 4047 lutosa
283 3994 291 4063 11
323 3994 358 4047 33
376 3993 448 4062 ipsos
469 3994 525 4060 Sn3
543 3994 609 4063 ipsis
628 4013 663 4065 αρ
699 3995 708 4063 11
744 3994 787 4047 his
805 3994 845 4059 X,
864 3993 897 4047 iis
915 3994 989 4046 cdl
1030 3995 1039 4062 11
1079 3995 1114 4047 36
1133 4010 1212 4061 quem

153 4082 292 4136 exercitum
315 4082 487 4151 Wesenber93
511 4084 583 4152 quod
606 4084 753 4137 exercitum
771 4084 811 4149 X3
834 4084 904 4153 quod
926 4082 1093 4137 exercituum
1111 4083 1186 4136 Paul
1204 4082 1212 4153 11

154 4167 184 4221 38
201 4188 244 4239 pro
257 4172 333 4226 hoste
346 4172 421 4239 B²fl3
440 4172 543 4226 hostes
576 4172 585 4241 11
617 4172 651 4227 39
670 4180 725 4240 sep
757 4172 765 4241 11
797 4174 833 4226 43
847 4171 1006 4227 decessisset
1019 4170 1094 4239 B¹ss3
1113 4172 1212 4225 disces-

155 4255 225 4313 sisset
242 4280 259 4312 a
