3134 4859
528 339 635 393 LIBER
652 339 701 392 ΠΙ.
722 338 798 393 CAP.
815 338 932 392 15-19.
1220 322 1261 383 69

194 504 465 585 contemptionem
489 502 626 566 Sabinus
652 504 785 582 veniret,
809 501 864 565 sed
888 502 982 564 etiam
1006 505 1188 563 nostrorum
1204 500 1262 561 mi-

192 609 286 672 litum
310 608 445 673 vocibus
468 630 533 673 nou
553 609 634 671 nihil
651 613 846 691 carperetur3
872 613 1057 689 tantamque
1081 608 1290 689 opinioneme

193 718 317 779 timoris
340 717 498 799 praebuit,
522 722 558 779 ut
580 717 643 779 iarn
667 716 707 779 ad
723 716 843 779 vallum
861 721 1037 777 castrorum
1052 715 1158 777 hostes
1174 732 1262 777 acee-

193 823 268 886 dere
292 824 453 886 auderent.
499 824 533 886 id
556 843 593 887 ea
617 824 656 887 de
681 842 776 886 causa
798 822 948 903 faciebat,
973 821 1058 904 quod
1082 840 1155 884 oum
1174 825 1289 888 tantm

149 954 177 995 20
191 930 401 993 multitudine
424 930 579 1011 hostiurn,
603 930 790 1013 praesertim
810 948 847 991 eo
864 928 1006 1010 absente,
1032 928 1088 1009 qui
1104 948 1262 991 summam

190 1038 318 1119 imperii
345 1043 480 1118 teneret,
509 1037 572 1099 nisi
604 1056 706 1117 aequo
734 1035 805 1098 loeo
833 1041 889 1098 aut
916 1036 1127 1117 oportunitate
1155 1035 1262 1117 aliqua

165 1142 265 1208 adata
288 1144 391 1227 legato
412 1144 627 1207 dimicandum
652 1163 716 1206 non
733 1143 943 1206 existimabat.
983 1142 1053 1206 Hae
1077 1141 1262 1205 confirmata
1280 1149 1316 1202 18

192 1252 342 1332 opinione
365 1252 487 1314 timoris
511 1252 662 1313 idoneum
688 1249 847 1332 quendam
872 1250 1033 1312 hominem
1057 1253 1088 1313 et
1111 1248 1262 1312 callidum

192 1358 321 1440 delegit,
346 1358 487 1437 Gallum,
510 1376 551 1420 ex
573 1358 627 1437 iis,
652 1376 732 1439 quos
749 1357 863 1419 auxilii
879 1376 976 1419 causa
991 1375 1101 1419 secum
1116 1356 1261 1419 habebat.

191 1464 267 1526 huic
295 1466 420 1547 magnis
447 1466 596 1547 praemiis
622 1463 972 1547 pollicitationibusque
1000 1464 1182 1546 persuadet,
1215 1465 1290 1527 utia

163 1570 233 1635 aad
257 1571 363 1634 hostes
387 1576 539 1653 transeat,
562 1578 594 1634 et
617 1571 695 1653 quid
713 1570 782 1634 fieri
802 1571 880 1633 velit
894 1572 1013 1634 edocet.
1054 1572 1109 1651 qui
1131 1570 1188 1632 ubi
1205 1590 1290 1653 proa

190 1678 324 1761 perfuga
348 1678 387 1740 ad
411 1680 586 1760 eosvenit,
610 1680 756 1741 timorem
772 1677 991 1740 Romanorum
1005 1678 1167 1760 proponit,
1192 1678 1262 1758 qui·

192 1784 253 1847 bus
278 1786 434 1868 angustiis
457 1787 525 1867 ipse
550 1784 665 1848 Caesar
687 1805 705 1847 a
729 1786 861 1848 Venetis
887 1790 1049 1867 prematur
1077 1784 1180 1865 docet,
1207 1803 1290 1847 ne·4

193 1910 257 1973 que
280 1892 408 1975 longius
432 1891 555 1972 abesse,
580 1894 660 1973 quin
683 1893 832 1975 proxima
855 1897 946 1955 noete
970 1889 1107 1954 Sabinus
1123 1891 1204 1953 clam
1220 1910 1263 1954 ex

192 2000 305 2062 castris
334 2000 510 2063 exercitum
539 1999 653 2062 educat
677 2004 709 2061 et
736 1998 775 2061 ad
805 1998 971 2061 Caesarem
998 1998 1112 2060 auxilii
1139 1998 1262 2061 ferendi

147 2127 178 2169 10
193 2125 289 2169 eausa
317 2106 543 2189 proficiscatur.
595 2106 680 2187 quod
708 2105 765 2169 ubi
793 2106 939 2168 auditum
972 2110 1032 2185 est,
1064 2104 1290 2168 conclamante

193 2231 304 2276 omnes
329 2214 528 2277 occasionem
552 2214 672 2296 negotii
696 2212 778 2276 bene
802 2211 932 2296 gerendi
962 2212 1168 2276 amittendam
1197 2230 1262 2274 nou

192 2338 275 2384 esse:
301 2321 340 2383 ad
364 2327 467 2383 castra
490 2321 531 2383 iri
555 2326 707 2403 oportere.
753 2320 873 2383 multae
893 2338 943 2381 res
960 2320 1076 2383 adhoc
1092 2318 1290 2382 consiliuma

193 2425 302 2489 Gallos
325 2427 548 2490 hortabantur:
578 2429 778 2510 superiorum
806 2428 931 2489 dierum
954 2421 1064 2489 Sabini
1091 2426 1262 2501 cunctatio,

150 2662 180 2702 15
196 2640 365 2723 diligenter
398 2640 437 2703 ab
470 2641 510 2703 iis
538 2646 604 2703 erat
631 2642 808 2723 provisum,
841 2658 912 2722 spes
941 2640 1087 2702 Venetici
1114 2640 1203 2722 belli,
1233 2648 1263 2703 et

194 2747 280 2828 quod
302 2748 367 2811 fere
390 2747 528 2811 libenter
543 2748 687 2811 homines
711 2748 757 2829 id,
781 2748 867 2829 quod
883 2747 1008 2828 volunt,
1032 2746 1174 2810 credunt.
1213 2748 1290 2811 hisi

192 2854 288 2917 rebus
317 2854 445 2918 adducti
475 2875 540 2917 nou
568 2856 656 2938 prius
683 2854 900 2917 Viridovicem
930 2854 1136 2935 reliquosque
1165 2855 1262 2917 duces

192 2982 235 3025 ex
259 2962 396 3025 concilio
421 2962 597 3041 dimittunt,
626 2982 722 3043 quarn
750 2961 789 3023 ab
815 2962 856 3023 iis
885 2963 925 3023 sit
948 2979 1146 3043 concessum,
1174 2980 1262 3023 arma

191 3070 239 3132 uti
263 3069 393 3152 capiant
415 3075 445 3132 et
469 3070 508 3132 ad
524 3074 626 3132 eastra
641 3069 843 3132 contendant
884 3087 947 3148 qua
963 3087 997 3130 re
1013 3086 1164 3131 concessa
1179 3068 1290 3150 laetis

146 3196 177 3237 20
190 3181 227 3239 ut
250 3176 414 3259 explorata
430 3176 576 3256 victoria,
600 3176 769 3239 sarmentis
786 3176 998 3257 virgultisque
1014 3174 1167 3257 collectis,
1192 3176 1261 3255 qui-

190 3282 251 3346 bus
286 3282 387 3346 fossas
419 3284 639 3345 Romanorum
671 3282 864 3366 compleant,
901 3282 941 3344 ad
979 3287 1082 3345 castra
1117 3289 1261 3365 pergunt.

162 3388 294 3452 1Loous
317 3394 385 3453 erat
407 3394 584 3455 castrorum
606 3390 709 3453 editus
733 3396 765 3453 et
787 3389 942 3473 paulatim
970 3390 1009 3451 ab
1037 3390 1102 3452 imo
1131 3376 1261 3453 acclivis
1280 3401 1318 3455 19

190 3498 318 3560 circiter
340 3517 454 3580 passus
476 3498 572 3559 mille.
619 3498 682 3560 huc
705 3517 821 3580 magno
846 3516 943 3561 cursu
959 3496 1202 3579 contenderunt,
1227 3502 1262 3560 ut

191 3623 288 3685 quam
310 3605 481 3667 minimum
504 3605 597 3687 spatii
621 3605 660 3666 ad
684 3624 717 3666 se
739 3603 936 3688 colligendos
952 3603 1184 3686 armandosque
1198 3603 1261 3666 Ro-

281 3817 313 3869 16
332 3818 514 3884 contemptum
533 3823 550 3883 β
582 3816 590 3883 ll
622 3816 657 3870 20
675 3816 793 3869 hostium
812 3834 864 3869 om.
884 3837 900 3886 ρ

279 3905 584 3972 18.1haeSd;aeu
617 3906 625 3972 tl
658 3905 942 3972 3iised.1;hisX
971 3908 979 3970 tt
1016 3907 1117 3972 lutri
1153 3907 1161 3973 Η
1199 3907 1262 3958 bet

189 4010 277 4063 onae
313 3994 321 4062 ll
357 4010 404 4062 pro
423 4001 512 4060 onafl
553 3996 561 4062 ll
603 3995 843 4062 ipremebaturss
883 3997 891 4064 ll
936 3997 966 4050 15
985 3996 1018 4049 iis
1037 3996 1076 4048 cd.
1097 3996 1124 4060 13
1145 3994 1188 4047 his
1207 3994 1237 4045 X
1253 3993 1262 4063 tl

192 4082 224 4136 18
243 4082 387 4149 οοηείΗοβ
419 4083 427 4150 ll
459 4084 491 4135 iis
510 4084 548 4136 cd.
570 4084 596 4151 13
616 4084 657 4136 his
676 4083 706 4136 X
740 4084 748 4151 ll
788 4085 828 4138 18.
850 4086 882 4138 19
901 4100 975 4138 arma
994 4086 1032 4137 uti
1052 4084 1159 4153 capiant
1177 4101 1207 4150 ας
1230 4090 1264 4135 ut

189 4172 292 4240 copiam
312 4172 445 4238 faciantf}
477 4172 485 4240 tl
518 4173 550 4225 21
571 4172 751 4227 Romanorum
771 4174 821 4226 dal.
842 4174 957 4227 Nitacde

278 4261 324 4316 1a.
344 4262 360 4315 3
379 4262 572 4330 armandosque
592 4280 644 4315 om.
663 4269 680 4328 β
