3134 4859
308 333 352 394 84
708 344 814 398 BRLLI
833 343 975 398 GALLlCl

308 508 522 572 confluentem
554 507 663 571 Mosae
691 513 722 570 et
748 507 853 571 Rheni
880 509 1114 590 peruenissent,
1146 505 1271 588 reliqua
1303 505 1378 588 luga

309 616 473 699 desperata
496 634 611 698 magno
633 633 768 677 numero
792 614 956 677 interfecto
985 614 1103 696 reliqui
1131 632 1164 677 sc
1193 614 1228 676 in
1256 614 1406 677 flumana

308 723 597 805 praecipitaverunt
619 728 714 803 atque
737 721 784 784 ibi
807 722 932 804 timore,
955 720 1157 801 lassitudine,
1180 722 1213 783 ri
1237 720 1379 783 fluminis

280 857 294 896 a
309 831 449 913 oppressi
472 830 644 912 perierunt.
689 829 791 891 nostri
808 829 848 892 ad
863 846 965 891 unum
981 846 1093 891 omnes
1116 827 1293 891 incolumes
1309 847 1379 910 per-

307 939 418 1020 paucis
441 936 617 999 vulneratis
641 955 684 999 111
705 937 786 997 tanti
809 933 884 997 belli
908 936 1034 1015 timore,
1058 954 1132 998 cum
1155 934 1296 997 hostium
1319 954 1379 996 nu-

308 1064 416 1107 merus
444 1044 584 1127 capitum
612 1041 814 1106 CCCCXXX
840 1042 967 1104 milium
993 1042 1119 1122 fuisset,
1152 1061 1185 1105 se
1213 1043 1256 1103 in'
1276 1048 1379 1104 castra

280 1155 505 1233 areceperunt
553 1149 668 1213 Caesar
690 1151 743 1230 iis,
767 1168 848 1229 quos
871 1150 904 1211 in
930 1150 1041 1212 castris
1064 1150 1252 1228 retinuerat,
1277 1149 1422 1211 disce-10

281 1258 408 1326 edendi
435 1263 622 1339 potestatem
653 1256 736 1320 fecit
787 1256 835 1319 illi
863 1256 1019 1339 supplicia
1051 1258 1275 1337 cruciatusque
1306 1256 1379 1317 Gal-

310 1363 414 1426 lorum
437 1365 543 1443 veriti,
568 1382 705 1445 quorum
722 1383 814 1446 agros
830 1368 1038 1445 vexaverant,
1061 1380 1226 1425 remanere
1243 1380 1277 1425 se
1294 1363 1378 1445 apud

311 1490 387 1533 eum
408 1470 492 1534 velle
516 1471 676 1533 dixerunt.
722 1470 771 1533 his
796 1471 911 1534 Caesar
933 1470 1111 1533 libertatem
1135 1470 1300 1533 concessit.

255 1599 291 1653 16
399 1577 589 1641 Germanico
612 1576 695 1640 bello
720 1578 862 1640 conlecto
878 1576 987 1640 multis
1004 1577 1162 1639 decausis
1187 1574 1302 1639 Caesar
1318 1583 1408 1640 sta-1

309 1685 371 1747 tuit
402 1684 464 1748 sibi
495 1683 645 1747 Rhenum
676 1703 745 1748 esse
779 1684 1022 1763 transeundum,
1062 1702 1199 1764 quarum
1231 1684 1287 1747 illa
1319 1684 1380 1747 fait

308 1792 494 1874 iustissima,
523 1791 622 1873 quod,
651 1812 724 1855 cum
752 1792 876 1855 rideret
904 1791 1080 1856 Germanos
1108 1797 1173 1853 tam
1199 1791 1292 1853 facile
1320 1792 1381 1852 im-

308 1899 395 1982 pelli,
419 1901 504 1962 utin
521 1898 657 1961 Galbam
672 1900 832 1979 venirent,
856 1900 923 1961 suis
940 1917 1068 1981 quoque
1083 1897 1180 1961 rebus
1196 1917 1250 1961 eos
1267 1899 1381 1961 timere

309 2006 423 2088 voluit,
452 2025 525 2069 cum
548 2006 769 2088 intellegerent
797 2011 828 2070 11
855 2025 948 2088 posse
975 2011 1007 2069 et
1034 2005 1152 2069 audere
1178 2004 1289 2087 populi
1316 2004 1409 2067 Ros

282 2115 396 2182 2mani
423 2115 599 2177 exercitum
627 2112 775 2176 Rhenum
804 2114 946 2175 transire.
997 2114 1129 2175 accessit
1155 2114 1263 2194 etiam,
1292 2113 1381 2193 quod

308 2219 363 2281 illa
385 2240 459 2302 pars
482 2223 642 2301 equitatus
666 2220 835 2303 Usipetum
859 2225 891 2282 et
905 2220 1145 2301 Tencterorum,
1170 2238 1265 2300 quam
1283 2239 1381 2301 supra

310 2328 558 2389 commemoravi
594 2327 769 2409 praedandi
805 2327 1086 2408 frumentandique
1124 2346 1219 2389 causa
1256 2326 1380 2389 Mosam

310 2434 460 2496 transisse
484 2453 589 2514 neque
611 2434 731 2516 proelio
754 2433 950 2516 interfuisse,
973 2439 1044 2516 post
1058 2433 1167 2516 fugam
1190 2452 1323 2495 suorum
1345 2452 1380 2496 se

309 2546 397 2601 trans
419 2539 567 2603 Rhenum
591 2542 625 2602 in
647 2540 728 2603 fines
744 2539 995 2623 Sugambrorum
1013 2546 1176 2623 receperat
1191 2558 1289 2622 seque
1306 2558 1379 2602 cum
1395 2556 1422 2597 ro

282 2645 361 2716 3his
384 2648 603 2709 coniunxerat.
651 2648 691 2709 ad
719 2666 800 2727 quos
828 2666 901 2709 cunr
930 2646 1046 2709 Caesar
1073 2648 1203 2709 nuntios
1231 2647 1380 2729 misisset,

311 2754 367 2834 qui
389 2754 598 2835 postularent,
627 2773 693 2836 eos,
723 2756 779 2835 qui
808 2754 869 2817 sibi
894 2753 1077 2834 Galliaeque
1106 2754 1227 2817 bellum
1253 2754 1381 2817 intulis·

206 2915 210 2919 .
281 2864 393 2941 4sent,
422 2860 482 2923 sibi
511 2860 675 2942 dederent,
703 2861 951 2943 responderunt:
980 2861 1089 2943 populi
1116 2861 1254 2923 Romani
1281 2862 1380 2943 impe-

309 2969 393 3030 rium
416 2968 566 3031 Rhenum
592 2967 699 3048 finire,
730 2970 759 3031 si
787 2986 820 3030 se
847 2968 947 3030 invito
978 2967 1153 3031 Germanos
1179 2969 1215 3030 in
1245 2966 1379 3030 Galliam

310 3076 444 3137 transire
466 3095 532 3138 non
556 3094 695 3156 aequrmr
719 3076 929 3157 existimaret,
954 3094 1012 3136 cur
1035 3076 1084 3137 sui
1109 3076 1282 3157 quicquam
1311 3093 1379 3137 esse
1395 3090 1420 3130 15

282 3182 435 3263 simperii
468 3188 523 3245 aut
553 3183 716 3265 potestatis
751 3188 839 3244 trans
871 3182 1020 3245 Rhenum
1052 3182 1247 3265 postularet?
1304 3181 1380 3245 Ubii

270 3333 273 3339 -
311 3294 430 3369 autem,
464 3291 519 3369 qui
551 3291 607 3352 uni
641 3309 683 3352 ex
708 3289 959 3353 Transrhenanis
993 3289 1031 3351 ad
1061 3288 1227 3353 Caesarem
1259 3289 1379 3372 legatos

310 3396 475 3476 miserant,
491 3397 664 3459 amicitiam
679 3398 831 3478 fecerant,
856 3396 982 3459 obsides
999 3395 1164 3478 dederant,
1187 3416 1379 3480 magnopere

311 3501 455 3583 orabant,
479 3507 514 3565 ut
537 3504 598 3565 sibi
622 3504 780 3566 auxilium
804 3504 912 3585 ferret,
937 3503 1021 3585 qnod
1039 3504 1179 3585 graviter
1201 3503 1240 3565 ab
1266 3502 1379 3566 Suebis

283 3616 544 3692 apremerentur3
569 3611 631 3692 vel,
655 3611 683 3672 si
706 3611 740 3672 id
763 3611 867 3673 facere
885 3608 1146 3692 occupationibus
1169 3611 1216 3673 rei
1232 3610 1377 3693 publicae
1392 3623 1418 3663 20

310 3716 544 3798 prohiberetur,
572 3718 751 3780 exercitum
778 3717 874 3779 modo
902 3717 1050 3780 Rhenum
1079 3722 1319 3799 transportaret:
1346 3715 1379 3779 id

400 3983 417 4033 4
436 3984 463 4034 11
481 3981 566 4035 Rheni
584 3983 634 4035 dcl.
653 3982 742 4050 Berql·
773 3988 781 4050 11
816 3984 849 4037 10
868 3983 900 4035 iis
919 3984 957 4035 ed.
978 3985 1005 4049 13
1025 3983 1067 4035 his
1085 3982 1115 4035 X

402 4090 447 4143 16.
467 4090 533 4142 411
552 4108 581 4156 a,
601 4091 705 4158 quodss
736 4092 745 4154 ll
777 4091 1010 4145 itenctherorum
1025 4098 1062 4159 χβ
1093 4093 1101 4158 ll
1134 4090 1250 4158 ltneque
1262 4089 1289 4143 in
1303 4106 1378 4158 proe-

311 4177 381 4244 noa
412 4180 421 4246 ll
454 4180 484 4231 11
505 4178 617 4261 his-Spq
636 4179 688 4232 hiis
711 4179 763 4246 ea,
782 4180 815 4232 iis
834 4178 918 4231 ΑΒΜ
948 4182 955 4247 ll
994 4182 1025 4231 17
1046 4179 1147 4249 legatos
1167 4186 1255 4247 eund
1296 4182 1304 4249 {l
1346 4180 1380 4233 ‘20

310 4266 471 4335 reipublicae
489 4275 517 4335 533
537 4269 566 4321 P.
588 4269 618 4321 R.
639 4290 656 4320 a
