3134 4859
309 274 371 335 112
706 286 813 341 BELLI
831 286 974 341 CALLICI

278 470 342 517 cac
366 470 491 513 summa
510 450 739 531 tranquillitate
755 456 939 530 consecuta,
963 449 1103 514 secunda
1119 450 1198 512 inita
1220 468 1294 513 oum
1313 450 1374 512 sol·
1389 472 1419 513 15

307 558 406 620 visset
428 557 552 640 vigilia,
579 558 682 640 prima
704 557 775 620 luce
804 563 919 621 terram
950 558 1054 639 attigit
1082 574 1256 638 omnesque
1286 557 1375 619 inco

306 664 409 727 lumes
431 682 528 727 nares
551 664 711 746 perduxit.

249 788 288 843 aa
396 770 569 834 Subductis
597 769 734 833 navibus
762 770 964 851 concilioque
988 770 1154 834 Gallorum
1179 768 1405 833 Samarobri-r

307 894 366 941 vae
389 883 529 961 peracto,
553 876 639 958 quod
662 896 700 940 eo
725 894 809 939 anno
833 876 1030 940 frumentum
1059 878 1093 939 in
1117 877 1221 941 Gallia
1248 882 1379 960 propter

307 986 464 1049 siccitates
487 984 655 1068 angustius
677 990 878 1066 provenerat,
903 988 1031 1047 coactus
1050 988 1097 1047 est
1118 983 1209 1047 aliter
1227 1003 1264 1047 ac
1283 1002 1379 1066 supc-

308 1092 445 1156 rioribus
468 1092 560 1155 annis
584 1092 761 1154 exercitum
780 1092 813 1152 in
831 1090 971 1154 hibernis
989 1091 1155 1155 conlocare
1171 1091 1379 1175 legionesque

280 1201 341 1265 ain
365 1199 472 1281 plures
495 1200 640 1261 civitates
668 1196 866 1261 distribuere.
914 1197 1097 1278 exquibus
1124 1217 1222 1261 unam
1250 1198 1286 1259 in
1309 1198 1408 1261 llo-o

307 1307 396 1369 rinos
419 1304 597 1369 ducendam
621 1303 653 1366 C.
672 1303 770 1367 Fabio
790 1304 893 1387 legato
914 1304 1014 1386 dedit,
1038 1304 1168 1368 alteram
1188 1306 1221 1367 iu
1240 1304 1380 1368 Nervios

310 1411 345 1486 Q,
375 1411 534 1492 Ciceroni,
567 1412 693 1475 tertiam
720 1412 754 1473 in
781 1410 920 1477 Ilsuvios
949 1410 981 1473 L.
1010 1412 1140 1493 Roscio,
1169 1401 1319 1493 quartam
1342 1412 1381 1473 in

308 1518 418 1581 Remis
447 1538 520 1582 cunr
547 1519 578 1580 Τ.
603 1518 743 1581 Labieno
771 1520 806 1581 in
835 1517 973 1581 confinio
1001 1518 1211 1582 Treverorum
1239 1518 1381 1581 hiemare
1429 1556 1433 1563 ·

280 1626 413 1707 aiussit,
441 1632 505 1688 tres
533 1626 566 1687 in
595 1624 772 1689 Bellovacis
801 1624 992 1688 conlocavit:
1023 1626 1071 1688 his
1100 1624 1141 1689 M.
1170 1624 1320 1689 Crassum
1348 1631 1382 1689 et

309 1733 342 1796 L.
367 1731 548 1795 Munatium
573 1732 729 1795 Plancum
752 1737 784 1796 et
808 1731 839 1795 C.
859 1732 1053 1795 Trebonium
1075 1732 1196 1817 legatos
1219 1732 1427 1815 praeteritio

279 1860 407 1906 aunam
429 1840 602 1923 legionem,
631 1860 727 1922 quam
750 1842 897 1923 proxime
925 1844 1012 1903 trans
1035 1839 1158 1903 Padum
1183 1841 1382 1923 conscripse-

308 1953 370 2028 rat,
402 1953 436 2010 ct
463 1948 609 2011 cohortes
636 1947 667 2007 V
694 1948 729 2008 in
757 1946 938 2029 EburoneS,
971 1966 1109 2028 quorum
1136 1966 1209 2029 pars
1237 1948 1382 2010 maxima

310 2061 358 2118 est
381 2056 464 2118 iuter
487 2053 609 2117 Mosam
633 2074 669 2116 ac
692 2054 854 2134 Rhenum,
879 2054 935 2135 qui
954 2053 1014 2116 sub
1030 2054 1163 2137 imperio
1182 2053 1382 2137 Ambiorigis

281 2171 342 2228 aet
365 2161 529 2224 Catuvolci
553 2167 656 2243 erant,
679 2161 774 2223 misit,
821 2160 870 2223 his
898 2160 1053 2224 militibus
1083 2158 1117 2235 Q.
1141 2160 1297 2224 Titurium
1323 2159 1382 2223 Sa-

309 2268 423 2331 binum
446 2274 477 2330 et
499 2267 532 2330 L.
556 2267 815 2331 Aurunculeium
836 2266 960 2330 Cottam
975 2268 1096 2351 legatos
1111 2286 1256 2350 praeesse
1275 2267 1379 2331 iussit.
1399 2286 1428 2329 15

282 2375 351 2440 aad
384 2375 471 2437 hunc
502 2375 634 2437 modum
663 2374 840 2437 distributis
868 2374 1048 2457 legionibus
1075 2374 1224 2438 facillime
1252 2376 1381 2458 inopiae

284 2480 392 2565 r<rei>
418 2481 644 2544 frumentariae
671 2500 740 2545 sese
763 2482 884 2544 mederi
912 2500 1004 2563 posse
1031 2481 1235 2546 existimavit.
1282 2488 1380 2563 atque

311 2589 424 2650 hanun
438 2595 545 2650 tamen
559 2590 703 2650 omnium
716 2589 883 2671 legionum·
895 2587 1027 2651 hiberna
1041 2593 1165 2671 praeter
1183 2607 1262 2670 eam,
1282 2608 1380 2672 quam

311 2696 345 2760 L.
369 2695 485 2758 Roscio
509 2696 542 2755 iu
565 2695 798 2777 pacatissimam
823 2700 854 2758 et
874 2696 1102 2776 quietissimam
1121 2700 1241 2778 partem
1262 2695 1381 2759 ducen-

284 2804 385 2869 odam
409 2802 549 2883 dederat,
572 2800 702 2864 milibus
726 2821 879 2884 passuum
903 2801 927 2864 C
950 2802 1202 2865 continebuntur.
1244 2804 1311 2885 ipse
1330 2804 1380 2866 in·
1397 2820 1442 2863 ao-

311 2918 409 2991 tcrea,
428 2909 533 2993 quoad
552 2909 693 2993 legiones
706 2910 887 2972 conlocatas
906 2910 1093 2991 mimitaque
1112 2910 1245 2973 hiberna
1263 2928 1380 2993 coguo-

311 3019 421 3097 visset,
445 3018 478 3079 in
503 3017 606 3080 Gallia
628 3017 746 3079 morari
769 3017 941 3079 constituit.

251 3138 294 3193 25
401 3124 479 3187 Erat
510 3126 544 3187 iu
578 3122 770 3185 Carnutibus
805 3142 929 3186 summo
970 3123 1040 3186 loco
1078 3127 1171 3187 natus
1206 3124 1411 3213 Tasgetius,r

285 3233 404 3295 aculus
426 3231 563 3293 maiores
591 3231 624 3292 in
648 3250 706 3293 sua
729 3231 857 3294 civitate
885 3249 1021 3314 regnum
1047 3230 1258 3294 obtinuerant.
1303 3230 1381 3293 huic

402 3426 435 3478 15
454 3424 520 3476 inita
537 3440 589 3476 our..
608 3430 626 3490 β

400 3513 447 3567 24.
468 3514 491 3565 l.
512 3512 528 3565 2
547 3512 764 3579 samarubriuess
795 3514 803 3582 11
840 3513 902 3565 21η
920 3520 1010 3580 coast
1046 3514 1054 3581 11
1086 3512 1236 3567 lEsuvios
1260 3509 1297 3564 W
1298 3512 1381 3581 tuta

313 3617 405 3656 essuos
423 3602 454 3654 X
483 3603 491 3666 11
522 3602 718 3656 8treuerorum
733 3599 842 3668 sobre,
861 3603 1026 3655 treberorum
1045 3621 1075 3669 c,
1095 3602 1183 3655 trebir.
1199 3602 1220 3669 l;
1239 3602 1329 3655 treuir.
1341 3608 1359 3669 β
1373 3600 1382 3673 11

313 3690 497 3746 9Bellovacis
514 3690 623 3757 Cluacar,
643 3689 727 3759 belgis
748 3708 778 3757 a,
797 3690 883 3759 belgio
895 3697 912 3757 β
944 3691 952 3759 11
985 3691 1021 3744 lis
1035 3712 1052 3743 a
1085 3691 1093 3760 11
1126 3706 1246 3745 crassum
1258 3698 1287 3758 β;
1307 3706 1381 3745 cras-

312 3796 373 3833 sum
397 3779 518 3847 quintum
538 3798 567 3845 o,
596 3794 714 3833 crassum
738 3782 906 3848 quaestorem
924 3779 964 3847 N;
978 3806 979 3809 ¹
992 3780 1049 3833 cdd.
1069 3780 1102 3834 ab
1122 3778 1183 3833 Αἶά.
1221 3780 1230 3848 11
1268 3780 1301 3835 10
1320 3797 1382 3833 mu-

312 3868 419 3921 nacium
436 3886 466 3938 23
485 3868 672 3937 nruniciumm
704 3873 712 3936 11
751 3870 783 3923 13
802 3886 833 3922 ac
852 3888 882 3936 o,
901 3873 963 3936 etit
998 3871 1007 3938 11
1046 3871 1078 3922 14
1097 3868 1233 3923 Catuvolci
1256 3868 1382 3937 Gordius,

311 3956 469 4012 catuoloiX
498 3959 506 4026 11
537 3957 610 4025 Ιίεχ
641 3958 649 4025 11
682 3959 715 4011 15
728 3974 851 4027 pracesse
865 3976 894 4025 a,
914 3966 1002 4025 essert
1033 3959 1041 4027 11
1075 3960 1106 4011 17
1120 3958 1160 4013 rei
1172 3959 1233 4013 add.
1247 3958 1358 4014 ustrou.
1373 3958 1382 4031 11
1448 3996 1450 4002 -

312 4053 377 4113 sert
408 4047 416 4114 ll
449 4047 483 4101 19
502 4046 588 4101 ruscio
607 4066 624 4098 α
656 4047 665 4115 11
698 4046 729 4100 21
751 4046 941 4114 collocassetlt

402 4136 447 4191 ab.
470 4138 483 4187 1
509 4136 660 4190 carnotibus
684 4135 735 4203 ol'f
760 4137 769 4203 11
806 4136 938 4205 tasgecius
953 4156 986 4205 23
1011 4136 1127 4206 asgetius
1147 4156 1168 4189 π
1210 4139 1218 4207 11
1260 4137 1383 4193 2huius

311 4241 425 4280 maiores
445 4246 462 4277 a
