3134 4859
335 288 376 349 28
734 300 841 355 BELLI
859 300 1002 356 samm

334 482 387 527 sae
410 470 485 527 sunt
508 465 651 528 omniurn
675 470 798 529 mentes
821 484 1009 548 summaque
1033 465 1180 528 alacritas
1200 470 1232 528 et
1246 464 1433 547 cupiditas

306 570 409 635 abelli
437 572 568 654 gerendi
590 572 689 635 inlata
712 577 772 651 est,
805 572 1019 655 princepsque
1046 570 1088 635 X.
1112 572 1195 651 legio
1222 590 1279 654 per
1303 571 1433 634 tribu-
1540 595 1542 602 ·

334 696 392 741 nos
415 677 551 741 militum
577 680 606 741 ei
630 680 746 761 gratias
770 679 848 760 egit,
877 678 962 761 quod
987 679 1027 741 de
1055 698 1089 742 se
1111 680 1268 761 optimum
1290 678 1431 741 iudici-

333 805 389 847 um
407 784 546 863 lecisset,
567 803 664 867 seque
684 802 754 849 esse
776 785 816 847 ad
836 784 957 849 bellum
978 784 1153 868 gerendum
1172 786 1461 868 paratissimam

305 890 540 955 eoonfirmsvit.
576 891 692 955 deinde
708 892 851 974 reliquae
867 892 1010 975 legiones
1022 911 1095 955 cum
1112 891 1249 955 tribunis
1263 892 1430 955 militum

333 1004 364 1061 et
387 1000 564 1080 primorum
590 996 740 1061 ordinum
762 998 1003 1061 centurionibus
1028 1004 1175 1082 egerunt,
1201 998 1250 1061 uti
1276 997 1429 1062 Caesari

333 1106 409 1167 satis
428 1105 579 1167 facerent:
604 1124 638 1169 se
657 1123 762 1187 neque
779 1124 933 1186 umquam
949 1104 1110 1168 dubitasse
1133 1124 1238 1188 neque
1260 1106 1428 1168 timuisse

333 1230 438 1293 neque
467 1212 505 1275 de
535 1230 659 1273 summa
691 1211 768 1275 belli
802 1230 896 1273 suum
919 1212 1088 1291 iudicium,
1121 1211 1178 1275 sed
1205 1213 1426 1295 imperatoris

305 1336 402 1381 cesse
430 1319 671 1381 existimavisse.
701 1336 813 1381 eorum
841 1320 1051 1382 satisfactione
1079 1324 1208 1401 accepta
1236 1324 1269 1381 et
1290 1320 1424 1382 itinere
1440 1341 1468 1382 1o

333 1426 492 1507 exquisito
509 1444 565 1507 per
578 1423 786 1507 Diviciacum,
802 1426 886 1507 quod
903 1446 944 1489 ex
957 1426 1057 1490 Gallis
1073 1426 1102 1488 ei
1118 1427 1292 1489 maximam
1307 1424 1424 1489 fidem

332 1531 481 1613 habebat,
509 1538 546 1595 ut
572 1532 699 1595 milium
728 1533 865 1615 amplius
894 1534 1125 1615 quinquaginta
1158 1533 1294 1595 circuitu
1325 1532 1422 1595 locis

334 1639 450 1721 apertis
478 1640 656 1702 exercitum
684 1639 827 1721 duceret,
856 1640 896 1703 de
921 1644 1032 1722 quarta
1055 1639 1179 1723 vigilia,
1207 1645 1244 1701 ut
1272 1639 1419 1721 dixerat,

306 1745 491 1827 sprofectus
520 1751 574 1809 est.
622 1746 760 1828 septimo
787 1746 852 1828 die,
885 1766 960 1809 cum
987 1747 1049 1808 iter
1075 1765 1141 1809 non
1172 1747 1419 1826 intermitteret,

334 1851 373 1914 ab
406 1852 662 1935 exploratoribus
695 1853 812 1916 certior
847 1853 949 1916 factus
982 1857 1029 1916 est
1060 1852 1216 1915 Ariovisti
1248 1854 1356 1937 copias
1395 1874 1418 1916 a
1432 1872 1460 1915 15
1540 1859 1542 1912 :

332 1960 448 2023 nostris
471 1960 560 2022 milia
583 1979 737 2042 passuum
759 1959 827 2022 ΗΠ
850 1965 882 2023 et
903 1959 972 2023 XX
995 1959 1113 2023 abesse.

278 2078 335 2149 42,
423 2066 555 2150 Cognito
581 2066 726 2129 Caesaris
750 2066 890 2129 adventu
912 2067 1095 2129 Ariovistus
1120 2066 1240 2149 legatos
1268 2065 1308 2127 ad
1331 2084 1442 2129 eumi
1539 2041 1542 2130 l

332 2174 442 2235 mittit:
469 2174 554 2255 quod
578 2180 672 2236 antea
693 2175 732 2237 de
753 2174 924 2256 conloquio
939 2175 1142 2257 postulasset,
1165 2173 1198 2235 id
1213 2193 1271 2257 per
1286 2191 1320 2235 se
1334 2172 1414 2236 fieri

332 2280 436 2360 licere,
461 2282 612 2362 quoniam
636 2282 766 2363 propius
791 2283 974 2343 accessisset
997 2300 1097 2362 seque
1118 2280 1150 2343 id
1175 2282 1244 2344 sine
1262 2280 1410 2364 periculo

306 2386 435 2449 efacere
458 2406 549 2469 posse
574 2387 778 2449 existimaret.
826 2406 892 2450 non
914 2389 1037 2470 respuit
1052 2387 1274 2451 condicionem
1290 2385 1412 2450 Caesar

331 2494 459 2574 iamque
492 2512 565 2555 eum
598 2493 637 2556 ad
671 2495 839 2557 sanitatem
862 2497 979 2557 reverti
1004 2494 1230 2577 arbitrabatur,
1263 2513 1337 2556 cum
1361 2494 1437 2576 id,5

304 2600 420 2683 equod
436 2606 528 2663 antea
542 2602 662 2683 petenti
683 2600 878 2683 denegasset,
902 2602 988 2664 ultro
1008 2602 1219 2685 polliceretur,
1241 2620 1409 2683 magnam-

283 2758 284 2763 ,
333 2707 454 2790 quein
479 2726 566 2790 spem
590 2708 739 2770 veniebat
765 2726 823 2791 pro
852 2709 918 2771 suis
946 2710 1042 2771 tantis
1071 2709 1245 2792 populique
1267 2708 1407 2771 Romani

331 2816 365 2876 in
390 2832 464 2876 eum
487 2812 650 2877 beneficiis
679 2816 816 2897 cognitis
844 2816 910 2877 suis
938 2816 1106 2897 postulatis
1129 2815 1209 2894 lore,
1235 2816 1283 2876 uti
1308 2816 1407 2896 perti-

330 2923 423 2984 nacia
447 2919 620 2985 desisteret.
645 2919 713 2984 dies
737 2921 908 3002 conloquio
925 2922 1030 2984 dictus
1050 2928 1156 2985 estex
1179 2940 1215 2984 eo
1240 2922 1293 2984 die
1310 2920 1406 3003 quin-

303 3033 391 3091 atus.
437 3029 567 3092 interim
600 3046 692 3111 saepe
726 3048 800 3091 cum
832 3028 927 3111 legati
957 3028 1038 3091 ultro
1067 3029 1211 3111 citroque
1239 3028 1322 3090 inter
1349 3046 1405 3091 ecs
1420 3048 1447 3089 ιο

275 3146 278 3153 ’
331 3136 548 3217 mitterentur,
580 3136 764 3198 Ariovistus
792 3135 977 3218 postulavit,
1008 3154 1049 3196 ne
1078 3154 1175 3217 quem
1201 3135 1340 3217 peditem
1364 3133 1405 3196 ad

332 3242 540 3323 conloquium
565 3242 679 3306 Caesar
703 3242 889 3305 adduceret:
920 3242 1023 3304 vereri
1051 3261 1096 3322 se,
1124 3261 1165 3305 ne
1188 3260 1246 3324 per
1267 3240 1404 3304 insidias

331 3349 370 3411 ab
396 3367 432 3411 eo
450 3350 748 3425 circumveniretur3
772 3355 908 3430 uterque
925 3368 999 3411 cum
1015 3349 1161 3430 equitatu
1176 3348 1315 3410 veniret:
1340 3346 1405 3410 alia

304 3456 454 3517 eratione
471 3474 538 3518 sese
555 3475 618 3518 non
636 3475 705 3519 esse
717 3461 898 3518 venturum.
935 3453 1055 3538 Caesar,
1073 3455 1159 3537 quod
1174 3474 1279 3535 neque
1296 3453 1404 3517 conlo-

421 3651 466 3702 41.
487 3650 503 3701 3
522 3648 603 3701 inlata
620 3648 746 3715 JLcupe3
766 3648 855 3701 innata
873 3648 904 3701 X
941 3649 950 3716 ll
992 3649 1008 3702 6
1028 3665 1090 3701 cum
1109 3648 1221 3702 tribunis
1241 3666 1271 3714 ας
1291 3664 1339 3716 per
1356 3647 1403 3701 tri·

330 3737 416 3790 bunos
435 3736 498 3803 Bap
538 3740 546 3805 [l
588 3737 820 3790 'loenturionibus
840 3756 869 3804 113
898 3738 1066 3790 centuriones
1089 3736 1152 3805 Bp
1192 3738 1200 3804 ll
1241 3737 1282 3789 uti
1306 3756 1336 3803 ας
1364 3736 1404 3789 uti

331 3843 378 3894 per
397 3825 522 3893 eosB²p
554 3826 562 3893 ll
594 3826 717 3893 8neque
736 3842 864 3894 umquam
882 3825 956 3893 B²p3
975 3843 1025 3879 nec
1044 3843 1171 3894 umquam
1191 3846 1208 3877 α
1245 3828 1254 3893 ΙΙ
1291 3827 1325 3880 10
1344 3842 1403 3879 esse

331 3933 383 3968 cm.
399 3936 420 3984 χ
461 3915 469 3982 ll
512 3917 543 3967 11
565 3914 647 3968 Gallis
671 3914 775 3981 craece,
794 3915 853 3968 aliis
872 3915 903 3968 X
932 3918 940 3984 ΙΙ
974 3916 1007 3969 16
1025 3915 1100 3968 milia
1119 3915 1189 3982 HM;
1209 3915 1318 3970 milibus
1335 3915 1367 3968 X

418 4005 465 4059 42.
487 4005 500 4055 1
522 4005 636 4057 caesaris
656 4004 774 4057 aduentu
794 4005 833 4069 αἱς
853 4005 973 4071 aduentu
992 4004 1137 4070 caesarisp
1168 4006 1176 4072 [l
1208 4004 1404 4057 texistimaret

330 4094 404 4160 B²p;
419 4094 570 4147 existimare
582 4112 599 4144 a
623 4095 631 4161 ll
654 4092 671 4147 8
684 4093 795 4161 cognitis
805 4093 861 4146 suis
871 4092 1011 4161 postulatis
1020 4093 1070 4145 del.
1081 4092 1243 4145 *HJMouer
1265 4098 1274 4159 ll
1299 4094 1403 4147 lOcum

330 4182 410 4251 legati
429 4182 499 4236 ultro
519 4181 638 4250 citroque
656 4189 684 4248 p,
713 4180 783 4234 ultro
808 4183 926 4250 citroque
950 4198 1012 4234 cum
1029 4182 1110 4250 legati
1130 4201 1148 4232 a
1189 4186 1197 4249 ll
1240 4182 1274 4234 14
1293 4197 1352 4234 sese
1372 4199 1402 4248 ας

331 4287 360 4325 se
376 4290 404 4341 o,
423 4289 475 4324 om.
491 4290 513 4322 π
