3134 4859
318 324 358 385 12
722 336 828 391 BELLI
847 336 991 391 GALLICI

289 500 516 583 elargiendam
539 519 672 581 magnas
692 519 905 583 comparasse3
930 519 1084 582 magnum
1105 518 1276 562 numerum
1296 500 1388 579 equi-

289 613 401 671 etatus
421 626 479 671 suo
494 614 623 690 sumptu
637 626 762 689 semper
781 606 865 669 alere
886 612 918 669 et
936 606 1057 669 circum
1076 625 1109 669 se
1129 605 1258 685 habere,
1282 624 1387 687 neque

317 714 421 779 solum
449 715 549 795 domi,
582 713 638 777 sed
666 714 761 777 etiam
791 713 875 796 apud
902 712 1054 776 finitimas
1081 714 1226 776 civitates
1258 712 1387 795 largitor

315 842 421 905 posse,
445 828 540 903 atque
564 821 660 883 huius
683 822 844 904 potentiae
863 840 960 883 causa
977 825 1112 883 matrem
1134 821 1170 882 in
1189 819 1388 902 Biturigibus
1403 842 1432 883 15

289 929 439 995 rhomiui
461 928 527 990 illic
551 927 748 989 nobilissimo
768 946 805 989 ao
822 928 1043 1010 potentissimo
1062 927 1258 1005 conlocasse3
1282 928 1387 1008 ipsum

317 1054 358 1098 ex
376 1034 534 1098 Helvetiis
557 1054 692 1097 uxorem
717 1034 847 1114 habere,
871 1053 1011 1097 sororem
1031 1054 1073 1097 ex
1091 1040 1192 1097 matre
1211 1038 1243 1096 et
1260 1034 1388 1117 propin·

289 1162 397 1225 squas
420 1160 494 1204 suas
517 1144 653 1223 nuptum
676 1142 711 1202 in
735 1141 813 1203 alias
836 1143 980 1204 civitates
1000 1141 1191 1203 conlocasse.
1229 1141 1336 1203 favere
1356 1148 1389 1204 et

317 1267 432 1331 cupere
461 1246 619 1311 Helvetiis
648 1254 776 1330 propter
808 1267 879 1311 eam
912 1246 1121 1329 adfinitatem,
1155 1248 1260 1311 odisse
1292 1248 1388 1310 etiam

318 1374 375 1417 suo
400 1354 528 1417 nomine
553 1352 718 1418 Caesarem
743 1360 775 1417 et
797 1354 972 1434 Romanos,
1002 1355 1089 1435 quod
1112 1373 1224 1417 eorum
1247 1355 1388 1417 adventu
1401 1374 1432 1416 ao

316 1463 459 1543 potentia
486 1463 555 1524 eius
584 1462 748 1524 deminuta
776 1467 807 1524 et
834 1459 1017 1523 Diviciacus
1040 1460 1139 1523 frater
1162 1462 1196 1523 in
1220 1462 1389 1543 antiquum

290 1568 424 1634 elooum
447 1568 567 1651 gratiae
591 1574 685 1648 atque
705 1568 836 1630 honoris
855 1569 896 1631 sit
914 1569 1087 1630 restitutus.
1123 1568 1151 1630 si
1170 1568 1248 1649 quid
1267 1569 1390 1630 aecidat

317 1673 483 1756 Romanis,
506 1694 663 1737 summam
687 1676 720 1736 iu
744 1694 834 1757 spem
853 1695 910 1757 per
927 1674 1095 1738 Helvetios
1113 1676 1204 1756 regni
1224 1674 1389 1738 obtinendi

318 1784 442 1861 venire,
471 1783 605 1864 imperio
629 1782 736 1865 populi
760 1781 897 1844 Romani
920 1802 987 1844 non
1010 1781 1105 1844 modo
1129 1781 1169 1844 de
1192 1800 1304 1864 regne,
1332 1781 1388 1844 sed

277 1914 304 1955 10
318 1890 415 1952 etiam
448 1889 486 1951 de
515 1908 553 1951 ea
586 1908 682 1970 quam
707 1889 822 1952 babeat
853 1891 955 1969 gratia
984 1889 1159 1971 desperare.
1210 1889 1388 1971 reperiebat
1403 1908 1429 1949 aa

318 1998 413 2059 otiam
433 1997 467 2058 in
485 1996 666 2077 quaerendo
684 1995 812 2076 Caesar,
837 1996 922 2077 quod
938 1995 1096 2077 proelium
1113 2001 1260 2077 equestre
1277 1997 1388 2058 adver-

317 2123 388 2166 sum
412 2104 522 2185 paucis
546 2107 618 2166 ante
642 2102 756 2165 diebus
775 2109 859 2165 esset
876 2103 1008 2181 factum,
1030 2103 1160 2164 initium
1179 2100 1272 2185 [eius]
1296 2102 1388 2185 fugae

317 2210 435 2272 factum
450 2229 469 2270 a
482 2207 681 2291 Dumnorige
701 2213 796 2289 atque
814 2211 882 2270 eius
902 2208 1063 2290 equitibus
1078 2246 1119 2253 —
1134 2228 1210 2270 nam
1224 2210 1389 2290 equitatui,

319 2335 414 2397 quem
443 2315 563 2377 auxilio
588 2314 713 2377 Caesari
741 2314 872 2377 Haedui
897 2317 1062 2397 miserant,
1090 2313 1273 2378 Dumnorix
1301 2335 1389 2398 prae-

318 2428 385 2486 erat
408 2443 461 2483 -ι
487 2441 598 2485 eormn
618 2421 693 2503 fuga
711 2421 872 2503 reliquum
892 2441 961 2485 esse
981 2425 1157 2504 equitatum
1177 2425 1388 2506 perterritum.
1402 2442 1432 2484 so

264 2538 300 2590 le
319 2528 443 2603 Quibus
461 2529 557 2591 rebus
577 2529 726 2610 cognitis,
750 2529 883 2591 eumad
903 2530 960 2591 has
979 2531 1175 2611 suspiciones
1194 2531 1415 2593 certissimaer

317 2654 369 2699 res
393 2637 592 2713 accederent,
616 2637 701 2717 quod
724 2636 880 2718 perfines
899 2635 1121 2717 Sequanorum
1141 2636 1308 2700 Helvetios
1327 2642 1389 2698 tra-

319 2744 476 2819 duxisset,
505 2742 591 2823 quod
620 2741 746 2805 obsides
774 2744 859 2806 inter
887 2763 942 2806 eos
971 2744 1092 2805 dandos
1120 2749 1273 2825 curasset,
1304 2743 1404 2825 quod·

319 2871 356 2914 ea
384 2852 491 2913 omnia
518 2868 582 2911 non
611 2850 705 2911 modo
733 2851 861 2912 iniussu
889 2870 947 2913 suo
976 2855 1008 2913 et
1031 2851 1182 2929 civitatiS,
1210 2850 1265 2913 sed
1294 2852 1389 2913 etiam

317 2957 526 3020 inscientibus
550 2957 627 3039 ipsis
650 2956 788 3032 fecisset,
817 2957 903 3037 quod
928 2978 946 3018 a
972 2959 1159 3039 magistratu
1180 2957 1417 3019 Haeduorums

318 3070 532 3144 accusaretur,
555 3064 632 3125 satis
657 3082 725 3127 esse
752 3083 865 3125 causae
886 3064 1112 3145 arbitrabatur,
1137 3084 1234 3146 quare
1257 3065 1291 3125 iu
1315 3083 1389 3127 eum

319 3175 373 3232 aut
395 3172 462 3251 ipse
482 3171 748 3233 animadverteret
767 3175 822 3232 aut
841 3172 1002 3233 civitatem
1026 3171 1278 3233 animadvertere
1299 3170 1389 3233 iube-

291 3283 373 3340 aret.
411 3277 460 3339 his
484 3278 632 3339 omnibus
651 3278 747 3340 rebus
770 3298 874 3339 unum
895 3278 1104 3361 repugnabat,
1129 3278 1215 3360 quod
1233 3276 1389 3340 Diviciaci

317 3384 422 3446 fratris
441 3404 601 3445 summum
624 3386 659 3446 in
677 3384 832 3467 populum
851 3384 1033 3447 Romanum
1055 3386 1208 3464 studium,
1233 3404 1389 3446 summam

317 3492 351 3553 in
373 3510 406 3553 se
422 3490 634 3571 voluntatem,
654 3494 815 3573 egregiam
830 3491 940 3573 fidem,
959 3492 1130 3572 iustitiam,
1149 3493 1390 3574 temperantiam
1404 3514 1432 3555 io

318 3603 523 3679 cognoverat,
548 3616 679 3659 namne
695 3599 763 3660 eius
783 3598 940 3679 supplicio
954 3598 1111 3661 Diviciaci
1131 3600 1273 3661 anianum
1293 3599 1390 3662 offen-

291 3705 408 3769 aderet
432 3704 608 3766 verebatur.
653 3704 761 3784 itaque
785 3706 874 3786 prius
899 3725 994 3787 quam
1019 3707 1190 3786 quiequam
1214 3710 1390 3785 conaretur,
1490 3684 1494 3695 Ι

318 3810 519 3874 Diviciacum
546 3811 586 3872 ad
610 3830 643 3873 se
667 3812 775 3873 vocari
799 3810 889 3873 iubet
916 3819 947 3874 et
971 3813 1139 3875 cotidianis
1163 3813 1390 3894 interpretibus

409 4060 442 4112 15
465 4057 626 4127 uiturigibus
650 4058 720 4124 aad)
767 4056 774 4128 Η
822 4058 855 4112 26
880 4059 960 4112 etiam
978 4060 1134 4127 inquirendo
1154 4079 1175 4111 π
1222 4058 1230 4129 Η
1276 4060 1309 4113 27
1334 4061 1390 4113 eius

318 4148 367 4201 del.
388 4148 456 4201 Deo.

408 4256 453 4309 19.
473 4255 489 4308 9
513 4254 640 4323 populum
661 4270 689 4308 .r.
705 4273 738 4323 χ;
761 4255 890 4323 populum
909 4263 949 4324 φβ
