3134 4859
321 327 384 389 146
720 341 828 395 BELLI
847 341 988 397 GALLICI

319 505 450 568 titudini
472 505 620 587 produnt.
668 504 706 569 de
729 523 765 567 re
789 503 918 588 publica
941 506 1003 568 nisi
1026 524 1083 588 per
1106 505 1277 568 concilium
1301 506 1393 587 loqui

319 631 385 675 non
408 611 604 675 conceditur.
1406 638 1440 679 10

264 728 299 781 21
409 718 561 782 Germani
584 719 721 782 multum
737 718 776 781 ab
793 717 1101 783 hacconsuetudine
1118 719 1275 783 differunt.
1315 738 1394 781 nam
1409 745 1422 785 1

319 844 424 907 neque
449 825 578 889 druides
603 824 732 907 habent,
761 826 819 908 qui
840 825 937 889 rebus
960 825 1078 889 divinis
1101 826 1255 909 praesint,
1284 844 1392 908 neque

291 958 305 1000 2
319 931 486 996 sacrificiis
501 932 638 996 student.
679 932 813 996 deorum
827 951 962 995 numero
979 951 1034 997 eos
1050 933 1133 995 solos
1150 932 1285 1014 ducunt,
1310 952 1394 1015 quos

319 1043 456 1104 cernunt
479 1044 511 1103 et
535 1058 672 1120 quorum
692 1044 798 1121 aperte
816 1039 928 1122 opibus
944 1040 1109 1119 iuvantur,
1134 1038 1240 1103 Solem
1264 1044 1295 1102 et
1309 1038 1393 1101 Vul-

319 1166 436 1209 canum
464 1151 495 1209 et
516 1145 654 1228 Lunam,
683 1146 824 1229 reliquos
851 1164 892 1209 ne
919 1145 1003 1209 fama
1031 1145 1162 1228 quidem
1189 1153 1428 1229 acceperimus

291 1255 385 1321 avita
408 1254 512 1316 omnis
539 1254 573 1315 in
597 1253 821 1316 venationibus
845 1258 941 1335 atque
969 1254 1003 1315 in
1027 1252 1142 1317 studiis
1170 1254 1218 1317 rei
1244 1253 1393 1317 militaris

291 1361 478 1440 acensistit3
503 1380 522 1423 a
544 1360 651 1442 parvis
674 1359 777 1423 labori
802 1379 838 1423 ac
863 1360 998 1423 duritiae
1022 1360 1159 1423 student.
1208 1361 1264 1441 qui
1279 1360 1393 1423 diutis-

319 1468 398 1530 sime
426 1466 611 1549 impuberes
638 1471 896 1549 permanserunt,
928 1468 1102 1530 maximam
1131 1468 1215 1530 inter
1243 1486 1317 1530 suos
1345 1466 1393 1531 te-

318 1580 397 1637 runt
418 1573 562 1636 landem:
592 1574 653 1636 hoc
676 1573 720 1635 ali
743 1578 909 1657 staturam,
938 1574 981 1637 ali
1003 1575 1088 1637 vires
1111 1592 1291 1655 nervosque
1315 1592 1393 1637 oon-

292 1680 439 1748 sfirmari
472 1685 593 1763 putant.
648 1682 732 1743 intra
767 1700 887 1743 annum
921 1699 995 1745 vero
1028 1681 1220 1745 vicesimum
1250 1680 1392 1743 feminae
1410 1706 1446 1747 ro

318 1789 466 1852 notitiam
489 1786 640 1853 habuisse
668 1788 703 1849 in
727 1789 920 1870 turpissimis
942 1787 1061 1851 habent
1083 1787 1194 1867 rebus3
1224 1789 1315 1851 cuius
1343 1788 1392 1849 rei

318 1896 408 1958 nulla
432 1901 480 1959 est
503 1894 687 1977 occultatio,
712 1893 799 1976 quod
822 1900 853 1957 et
872 1896 1051 1977 promiscue
1066 1896 1101 1956 in
1116 1893 1303 1957 fluminibus
1319 1914 1392 1976 per·

319 2003 454 2065 luuntur
476 2009 508 2066 et
531 2002 669 2085 pellibus
688 2005 743 2063 aut
758 2002 865 2085 parvis
881 2020 1039 2065 renonum
1054 2002 1237 2084 tegimentis
1253 2006 1392 2064 utuntur

263 2126 301 2179 22
319 2129 435 2193 magna
458 2110 599 2192 corporis
621 2114 710 2191 parte
734 2108 830 2171 nuda.
880 2108 961 2191 Agri
989 2108 1131 2171 culturae
1158 2127 1226 2171 non
1254 2108 1424 2190 student,r

319 2217 486 2298 maiorque
509 2235 582 2299 pars
606 2234 717 2279 eorum
741 2216 846 2278 victus
874 2216 909 2279 in
937 2216 1029 2295 lacte,
1057 2234 1162 2295 caseo,
1192 2234 1286 2278 carne
1315 2233 1391 2277 con-

292 2324 409 2388 asistit.
448 2341 553 2404 neque
571 2323 740 2404 quisquam
756 2323 824 2404 agri
840 2321 971 2385 modum
989 2326 1109 2385 certum
1125 2325 1181 2384 aut
1195 2320 1276 2385 fines
1294 2320 1393 2385 habet

319 2429 475 2512 proprios,
502 2429 558 2492 sed
582 2430 783 2511 magistratus
808 2448 843 2491 ac
866 2430 1027 2512 principes
1054 2430 1090 2492 in
1118 2448 1217 2492 annos
1245 2429 1391 2512 singulos

320 2535 469 2619 gentibus
493 2535 800 2618 cognationibusque
824 2536 989 2599 hominum
1015 2536 1135 2619 quique
1159 2555 1223 2598 una
1242 2537 1392 2599 coierunt
1406 2560 1426 2601 a

321 2647 478 2725 quantum
502 2647 534 2704 et
557 2661 620 2723 quo
636 2642 706 2705 loco
722 2643 828 2705 visum
845 2649 892 2706 est
907 2644 976 2726 agri
992 2642 1170 2706 attribuunt
1192 2646 1287 2725 atque
1305 2661 1390 2705 anno

292 2754 391 2833 apost
413 2749 474 2812 alio
494 2750 630 2813 transire
650 2754 775 2832 cogrmt.
814 2750 885 2813 eius
903 2751 950 2813 rei
966 2749 1082 2813 multas
1098 2750 1244 2812 adferunt
1260 2768 1388 2813 causas:

319 2876 361 2921 ne
384 2856 519 2920 adsidua
541 2856 773 2919 consuetudine
798 2858 880 2939 capti
904 2856 1048 2919 studium
1072 2856 1147 2920 belli
1171 2856 1302 2939 gerendi
1320 2858 1390 2939 agri

319 2964 444 3027 cultura
467 2969 677 3042 commutent,
702 2982 743 3025 ne
765 2962 847 3025 latos
870 2960 949 3026 fines
972 2981 1084 3046 parare
1107 2963 1256 3027 studeant
1277 2968 1389 3045 poten—

320 3071 416 3134 tiores
440 3075 535 3152 atque
558 3070 747 3132 humiliores
761 3068 1018 3153 possessionibus
1038 3070 1212 3153 expellant,
1237 3089 1278 3133 ne
1295 3089 1390 3133 accu-
1406 3092 1439 3133 ro

319 3179 418 3240 ratius
442 3176 483 3239 ad
505 3176 623 3259 frigora
646 3181 741 3258 atque
765 3181 872 3240 aestus
892 3175 1038 3240 vitandos
1054 3176 1235 3257 aedificent,
1260 3194 1300 3239 ne
1325 3196 1390 3258 qua

320 3285 440 3347 oriatur
463 3284 619 3365 pecuniae
643 3282 813 3366 cupiditas,
838 3303 899 3365 qua
923 3302 963 3347 ex
986 3301 1021 3346 re
1044 3284 1195 3347 factiones
1219 3283 1391 3347 dissensio-

292 3409 441 3473 4nesque
464 3394 654 3470 nascuntur3
680 3394 717 3453 ut
739 3390 840 3453 animi
864 3390 1023 3473 aequitate
1046 3389 1171 3473 plebem
1195 3391 1391 3473 contineant,

408 3584 454 3639 21.
475 3584 666 3637 ramulosa
712 3582 720 3654 ll
767 3584 971 3651 70000010ος
993 3584 1026 3637 ab
1045 3583 1163 3651 paruulis
1183 3604 1200 3635 a
1247 3582 1254 3655 ll
1301 3584 1391 3637 9hoc

320 3673 354 3725 ali
373 3676 512 3740 staturam,
532 3672 567 3725 ali
592 3673 683 3740 Vasa,
702 3673 754 3726 hoc
772 3672 818 3726 alii
837 3676 979 3739 staturam,
1001 3672 1045 3726 alii
1065 3693 1094 3741 123
1117 3673 1161 3727 alii
1180 3674 1230 3727 hoc
1249 3675 1390 3742 staturam,

320 3762 363 3815 alii
382 3762 433 3815 hoe
451 3769 479 3828 βς
498 3762 549 3814 hoc
567 3761 602 3815 ali
621 3764 764 3831 staturam,
789 3762 841 3832 [ali]
860 3763 935 3816 Paul
971 3761 979 3835 ll
1017 3764 1050 3817 13
1069 3779 1197 3817 renonum
1221 3761 1268 3831 Of,
1293 3763 1391 3817 rheno-

319 3868 384 3903 num
402 3850 478 3922 3893
496 3866 621 3920 ranorum
640 3850 832 3917 o31·henorum
851 3852 910 3905 AM
944 3850 952 3923 11
989 3852 1191 3922 tegumentisrp

409 3941 455 3994 22.
475 3939 492 3991 2
510 3939 579 3993 lacte
598 3943 625 3993 01
644 3956 719 3993 caseo
743 3943 770 3993 et
793 3948 906 4008 carneli
943 3940 950 4013 ll
988 3941 1178 4009 bquiquoss3
1202 3942 1333 4009 quicum
1358 3961 1394 4008 cr,

320 4030 440 4097 quitum
461 4028 553 4081 Heller
589 4027 597 4100 ll
635 4030 701 4083 601
722 4036 751 4097 β;
779 4030 803 4083 01
824 4050 841 4081 o
879 4028 886 4102 Η
923 4030 979 4100 agri
997 4030 1151 4084 adtribuunt
1171 4029 1213 4097 as3
1242 4030 1395 4085 attribuunt

320 4118 410 4187 agria
446 4116 454 4189 ll
490 4118 559 4171 8ne
579 4137 608 4185 a,
628 4118 698 4186 quod
716 4126 837 4187 nequep
873 4118 881 4190 ll
918 4118 1120 4189 belligerandip
1157 4118 1165 4190 ll
1202 4120 1276 4174 9.10
1295 4122 1390 4188 poten-

319 4206 400 4260 tiores
424 4211 502 4275 atque
521 4206 679 4273 numeror,
708 4208 919 4276 potentioresque
942 4209 972 4261 X
1015 4206 1022 4279 ll
1069 4210 1100 4261 11
1126 4209 1159 4262 ad
1183 4208 1221 4276 X,
1250 4224 1330 4278 quam
1355 4210 1393 4263 ad

319 4296 413 4349 Jaria.
451 4294 460 4367 ll
497 4298 538 4349 11.
560 4297 593 4350 12
612 4313 697 4365 neque
717 4297 816 4350 oriatur
836 4296 888 4349 Mn
1193 4316 1195 4319 ·
