3134 4859
310 299 379 362 250
713 311 821 368 BELLI
839 311 981 367 GALIJCI

310 481 435 540 tantam
457 476 608 539 itinerum
631 474 781 555 faciebat,
805 479 960 557 quantum
984 474 1060 539 satis
1083 494 1162 549 esse,
1176 476 1217 538 ad
1231 476 1380 541 mutatio·

277 608 298 650 a
311 602 388 650 nem
409 583 554 647 locorum
576 586 705 667 proptor
720 581 938 645 salubritatem
955 582 1166 647 existimabat.
1212 581 1259 645 ibi
1271 602 1381 667 quam-

312 709 410 773 quam
432 688 543 752 crebro
568 688 718 753 audiebat
743 688 922 755 Labienum
945 688 985 751 ab
1008 689 1149 755 inimicis
1172 690 1239 753 suis
1264 689 1381 756 sollici-

309 798 373 864 tan
395 797 575 878 certiorque
597 794 696 861 fiebat
717 795 751 858 id
775 796 827 879 agi
848 814 1025 879 paucorum
1045 796 1201 879 consiliis,
1224 800 1261 859 ut
1283 797 1380 861 inter·
1395 820 1424 861 ro

311 904 415 987 posita
430 908 560 967 senatus
575 904 761 968 auctoritate
776 902 885 985 aliqua
899 908 988 986 parte
1009 903 1169 967 exereitus
1185 903 1381 987 spoliaretur,

310 1016 420 1075 tamen
442 1029 547 1094 neque
571 1010 611 1074 de
634 1008 775 1075 Labieno
800 1010 936 1075 credidit
960 1010 1131 1095 quicquam
1150 1029 1255 1092 neque
1271 1014 1383 1073 contra

310 1123 441 1183 senatus
482 1117 701 1181 auctoritatem
734 1121 770 1181 ut
807 1116 928 1198 aliquid
962 1118 1079 1181 faceret
1119 1116 1235 1181 adduci
1270 1118 1381 1201 potuit.

277 1247 298 1289 a
311 1224 473 1289 iudicabat
506 1225 594 1289 enim
625 1224 735 1287 liberis
767 1225 934 1289 sententiis
970 1218 1095 1307 patrum
1129 1226 1382 1306 conscripturum

311 1351 442 1397 causam
473 1351 566 1394 suam
596 1331 688 1396 facile
721 1331 867 1395 obtineri.
922 1350 997 1395 nam
1030 1328 1061 1393 C.
1091 1330 1200 1413 Curia,
1233 1330 1382 1397 tribunus
1398 1354 1427 1396 15

311 1438 426 1523 plebis,
455 1457 528 1502 cum
552 1436 694 1503 Caesaris
717 1458 846 1503 causam
870 1438 1121 1521 dignitatemque
1150 1437 1383 1503 defendendam

309 1546 515 1628 suscepisset,
543 1565 637 1629 saepe
660 1551 728 1610 erat
751 1546 876 1609 senatui
904 1545 1079 1628 pollicitus,
1107 1546 1135 1608 si
1164 1564 1259 1627 quem
1287 1546 1383 1609 timor

310 1672 475 1715 armorum
491 1651 634 1717 Caesaris
649 1653 802 1734 laederet,
819 1650 873 1736 [et]
892 1653 1043 1734 quoniam
1059 1652 1192 1737 Pompei
1208 1652 1381 1715 dominatio

310 1764 409 1841 atque
433 1780 521 1823 arma
543 1779 609 1823 uon
631 1761 800 1823 minimum
825 1764 977 1825 terrorem
999 1758 1068 1823 foro
1091 1758 1257 1841 inferrent,
1282 1759 1382 1823 disce-

312 1866 403 1930 deret
426 1872 561 1950 uterque
588 1866 628 1929 ab
652 1867 751 1930 armis
778 1868 1005 1949 exercitusque
1033 1866 1219 1931 dimitteret:
1247 1865 1314 1929 fore
1343 1884 1381 1931 00
1397 1887 1426 1929 ao

279 1974 393 2037 efecto
421 1973 554 2037 liberam
577 1977 610 2035 et
637 1975 687 2035 sui
714 1974 795 2037 iuris
823 1974 992 2037 civitatem.
1038 1991 1143 2057 neque
1170 1973 1230 2037 hoc
1258 1977 1383 2039 tantum

311 2081 472 2163 pollicitus
489 2087 548 2164 est,
572 2080 738 2145 sedetiam
756 2078 813 2143 SC.
830 2099 886 2163 per
902 2080 1129 2145 discessionem
1144 2079 1246 2144 facere
1262 2081 1380 2162 coepit,

312 2188 399 2269 quod
419 2208 460 2252 ne
480 2187 571 2253 fieret
594 2187 742 2253 consules
762 2188 922 2269 amicique
938 2186 1070 2271 Pompei
1086 2188 1262 2268 evicerunt,
1286 2192 1381 2269 atque

250 2306 294 2361 53
312 2295 357 2357 ita
381 2314 448 2358 rem
470 2294 624 2357 morando
646 2296 873 2359 discusserunt.
920 2294 1074 2379 Magnum
1089 2295 1149 2357 hoc
1165 2295 1409 2358 testimoniumr

311 2405 442 2467 senatus
467 2407 534 2464 erat
557 2402 700 2465 universi
723 2402 984 2483 conveniensque
1006 2402 1162 2484 superiori
1177 2401 1267 2465 facto.
1306 2420 1382 2465 nam

314 2505 389 2592 <Μ.>
416 2506 586 2571 Marcellus
613 2508 760 2590 proximo
785 2528 884 2589 anno,
913 2528 984 2571 cum
1013 2509 1216 2592 impugnaret
1240 2506 1381 2571 Caesaris

311 2614 514 2697 dignitatem,
538 2620 649 2677 contra
671 2615 775 2697 legem
798 2613 931 2697 Pompei
954 2619 986 2677 et
1009 2612 1113 2679 Crassi
1136 2614 1288 2679 retulerat
1310 2619 1381 2679 ante

310 2726 438 2804 tempus
461 2721 502 2784 ad
526 2726 673 2784 senatum
701 2722 741 2785 de
769 2719 913 2785 Caesaris
938 2722 1124 2805 provinciis,
1152 2722 1410 2802 sententiisques

311 2828 405 2891 dictis
429 2829 655 2892 discessionem
678 2829 814 2893 faciente
838 2827 1001 2905 Marcello,
1027 2830 1082 2910 qui
1106 2827 1167 2891 sibi
1185 2847 1312 2891 omnem
1335 2826 1381 2889 di-

311 2936 464 3018 gnitatem
488 2955 530 2999 ex
554 2936 698 3001 Caesaris
721 2936 844 2998 invidia
869 2936 1051 3018 quaerebat,
1080 2941 1209 3001 senatus
1231 2935 1381 3016 frequens

280 3044 347 3104 ain
375 3042 437 3104 alia
465 3044 572 3105 omnia
600 3043 732 3105 transiit
784 3043 903 3124 quibus
931 3061 995 3106 non
1023 3043 1251 3126 frangebantur
1283 3042 1382 3109 animi

310 3149 516 3213 inimicorum
532 3148 687 3232 Caesaris
702 3149 759 3213 sed
775 3149 1042 3231 admonebantur,
1060 3168 1122 3232 quo
1139 3151 1276 3214 maiores
1291 3168 1381 3232 para-

311 3261 385 3318 rent
406 3257 622 3337 necessitates,
651 3256 767 3338 quibus
791 3258 862 3339 cogi
887 3262 993 3339 posset
1021 3262 1150 3321 senatus
1178 3257 1212 3319 id
1239 3254 1425 3339 probarem

250 3372 293 3427 11
313 3361 400 3443 quod
427 3362 488 3444 ipsi
516 3364 762 3426 constituissent
809 3362 860 3425 Pit
888 3364 1003 3427 deinde
1032 3368 1162 3427 senatus
1190 3362 1409 3442 consultum,1

311 3475 348 3532 ut
371 3470 412 3532 ad
435 3470 555 3533 bellum
578 3470 762 3534 Parthicum
785 3471 868 3553 legio
892 3490 958 3535 una
980 3491 998 3532 0
1020 3469 1075 3533 Cn.
1093 3470 1259 3554 Pompei0,
1283 3470 1383 3537 altera

403 3702 436 3756 13
455 3700 541 3769 potuit
557 3700 653 3755 abduci
673 3700 711 3767 Sp
740 3705 751 3768 1
784 3700 817 3755 18
837 3702 864 3753 01
882 3700 931 3753 del.
957 3700 1061 3755 Wta'tte
1093 3702 1101 3768 11
1136 3700 1234 3755 innon
1252 3700 1382 3755 minorem

310 3790 415 3845 Kotor
446 3792 456 3855 1
491 3790 618 3843 inferrent
635 3788 709 3857 Aula
732 3790 844 3843 inferret
861 3790 892 3843 X
926 3789 934 3859 11
971 3790 1005 3845 22
1029 3789 1076 3845 SC.
1101 3806 1149 3859 per
1171 3788 1314 3853 Puerorum
1335 3804 1384 3857 per

309 3886 387 3946 0011
406 3879 545 3948 1011810
576 3880 585 3948 11
617 3879 650 3932 23
669 3879 808 3933 euicerunt
827 3878 930 3946 Mada.;
950 3879 1084 3934 iusserunt
1101 3879 1133 3933 X
1161 3879 1170 3948 1
1203 3879 1236 3931 24
1255 3878 1382 3932 morando

310 3967 360 4035 8²3
378 3967 487 4034 ,sarias
505 3969 665 4021 moderando
682 3968 714 4021 X
742 3970 751 4038 1
783 3969 966 4023 discusserunt
983 3968 1092 4035 aaaron
1112 3968 1292 4025 discesserunt
1309 3966 1340 4023 X

400 4057 446 4111 53.
467 4056 764 4111 3100οΡ1000.
798 4058 807 4127 1
838 4056 1239 4126 stransiitea.1;transitx
1268 4058 1277 4125 1
1309 4055 1384 4111 9.10

308 4146 435 4215 pararent
452 4143 551 4212 Bmel3
569 4148 706 4213 sperarent
724 4165 743 4197 α
774 4147 782 4215 11
817 4147 850 4201 10
868 4147 1075 4201 necessitudines
1095 4147 1133 4215 Sal

402 4236 447 4289 bl.
468 4233 485 4285 2
503 4234 536 4287 ad
553 4233 701 4301 parthicum
721 4234 821 4289 bellum
842 4236 879 4303 Sp
910 4236 919 4305 1
952 4236 1129 4304 010001
