3134 4859
336 297 398 357 126
734 308 841 363 BELLI
864 308 1005 363 GALLICI

278 482 313 535 47
334 492 375 536 ex
401 474 557 556 proximis
584 472 726 536 hibernis
753 474 846 555 cogit.
891 471 982 535 Hora
1009 472 1135 535 circiter
1160 471 1218 534 ΙΠ.
1247 470 1287 533 ab
1317 476 1432 536 ante-1

333 580 517 643 cursoribus
540 581 579 643 de
604 578 709 641 Crassi
732 578 871 641 adventu
900 580 1016 642 certior
1042 578 1145 641 factus
1173 596 1210 641 eo
1238 577 1289 639 die
1316 578 1406 639 milia

306 706 484 769 apassuum
513 684 582 748 XX
608 684 818 768 progreditur.
870 683 1017 748 Crassum
1047 684 1288 747 Samarobrivae
1314 704 1404 767 prae·

332 792 400 856 ficit
420 793 645 875 legionemque
668 794 700 855 ei
717 792 874 874 attn'buit,
897 793 983 875 quod
1002 791 1047 854 ibi
1065 791 1294 874 impedimenta
1313 809 1404 854 exer-

333 900 427 981 citus,
460 899 586 963 obsides
614 900 792 981 civitatum,
822 899 944 963 litteras
971 898 1116 981 publicas
1143 899 1432 978 frumentumqueo

333 1025 440 1087 omne,
465 1005 551 1088 quod
575 1025 611 1069 eo
636 1005 819 1068 tolerandae
843 1006 955 1069 hiemis
979 1024 1075 1069 causa
1099 1005 1283 1085 devexerat,
1306 1004 1404 1067 relin-

305 1113 459 1195 squebat.
512 1111 644 1193 Fabius,
680 1117 718 1175 ut
747 1114 939 1195 imperatum
973 1118 1052 1194 erat,
1090 1130 1155 1174 non
1189 1112 1233 1173 ita
1265 1112 1402 1173 multum

304 1225 475 1285 amoratus
492 1221 527 1282 in
546 1221 662 1283 itinere
680 1238 754 1281 cum
773 1218 899 1302 legione
919 1220 1065 1282 occurrit
1091 1218 1251 1281 Labienus
1269 1218 1404 1281 interitu

333 1325 444 1389 Sabini
468 1333 500 1389 et
522 1326 619 1390 caede
642 1306 821 1389 cohortium
849 1328 990 1409 cognita,
1019 1345 1094 1389 cum
1122 1344 1232 1388 omnes
1260 1324 1302 1387 ad
1330 1344 1404 1387 eum

332 1432 543 1495 Treverorum
565 1432 676 1514 copiae
696 1433 873 1516 venissent,
897 1433 1034 1514 veritae,
1061 1452 1117 1513 ne,
1141 1434 1169 1496 si
1191 1450 1234 1495 ex
1261 1431 1402 1495 hibernis
1416 1452 1442 1493 ro

331 1540 426 1622 fugae
462 1539 599 1601 similem
632 1540 860 1621 protectionem
896 1538 1034 1621 fecisset,
1056 1540 1211 1603 ‘hostium
1247 1540 1402 1621 impetum

333 1647 491 1709 sustinere
522 1665 589 1708 non
620 1651 740 1728 posset,
776 1647 963 1728 praesertim
1001 1666 1081 1728 quos
1113 1646 1233 1709 recenti
1268 1645 1403 1709 victoria

305 1753 438 1817 aefferri
453 1753 560 1835 sciret,
584 1752 705 1817 litteras
721 1750 849 1816 Caesari
863 1754 1008 1842 remittit,
1033 1757 1153 1833 quanto
1170 1772 1244 1815 oum
1259 1752 1401 1835 periculo

332 1860 492 1944 legionem
515 1879 557 1922 ex
579 1860 722 1922 hibernis
737 1860 910 1922 educturus
926 1864 1021 1939 esset,
1046 1878 1114 1922 rem
1130 1863 1251 1942 gestem
1265 1860 1302 1921 in
1317 1859 1402 1922 Ebu-

331 1966 465 2029 ronibus
487 1966 668 2049 perscribit,
693 1966 788 2029 docet
810 1984 920 2029 omnes
936 1966 1097 2048 equitatus
1112 1966 1336 2049 peditatusque
1353 1984 1402 2028 co·
1415 1984 1440 2025 rs

331 2075 399 2156 pias
421 2073 631 2137 lbererorum
653 2073 703 2135 ΠΙ
724 2072 816 2135 milia
838 2092 991 2155 passuum
1014 2073 1109 2154 longe
1138 2073 1176 2136 ab
1200 2073 1268 2135 suis
1292 2073 1401 2135 castris

278 2195 313 2249 48
333 2180 523 2243 consedisse.
575 2179 691 2243 Caesar
722 2179 855 2242 consilio
890 2181 960 2243 eius
988 2180 1133 2263 probato,
1167 2180 1226 2242 etsi
1252 2180 1425 2262 opinione1

332 2288 430 2349 trium
453 2286 616 2369 legionum
640 2287 782 2349 deiectus
805 2287 845 2349 ad
870 2286 949 2349 duas
972 2287 1140 2367 reciderat,
1168 2291 1276 2350 tamen
1299 2306 1401 2349 unum

305 2393 497 2457 acommuni
529 2392 624 2455 saluti
657 2392 815 2455 auxilium
851 2394 885 2455 in
918 2393 1078 2457 celeritate
1109 2392 1256 2476 ponebat.
1313 2394 1402 2456 venit

332 2500 456 2582 magnis
488 2498 656 2563 itineribus
689 2500 723 2561 in
755 2499 948 2563 Nerviorum
978 2498 1067 2563 fines.
1115 2500 1162 2562 ibi
1193 2518 1235 2563 ex
1268 2501 1400 2583 captivis

333 2606 506 2688 cognoscit,
536 2623 618 2685 quae
646 2607 731 2688 apud
758 2604 944 2669 Ciceronem
971 2588 1123 2690 gerantur
1151 2612 1335 2688 quantoque
1367 2608 1428 2669 ins

304 2712 474 2795 epericulo
497 2732 549 2776 res
572 2714 620 2775 sit.
666 2719 736 2775 tum
760 2714 886 2776 cuidam
911 2732 952 2776 ex
976 2714 1137 2796 equitibus
1154 2714 1254 2777 Gallis
1277 2714 1400 2796 mugnis

331 2820 481 2902 praemiis
508 2820 690 2901 persuadet,
718 2821 765 2882 uti
794 2821 832 2882 ad
862 2819 1050 2884 Ciceronem
1078 2821 1246 2903 epistulam
1274 2820 1398 2884 deferat.

304 2927 413 2990 rheno
446 2925 576 2990 Graecis
608 2928 821 3009 conscriptam
857 2926 970 2990 litteris
1003 2928 1114 3008 mittit,
1150 2946 1192 2990 ne
1226 2928 1400 3010 intercepta

304 3058 317 3099 s
332 3033 467 3116 epistula
490 3040 598 3097 nostra
621 3034 660 3096 ab
676 3033 822 3097 hostibus
838 3035 972 3097 consilia
988 3039 1228 3117 cognoscantur.
1267 3035 1295 3097 si
1314 3034 1397 3096 adire

330 3160 399 3203 non
420 3142 532 3222 possit,
555 3146 676 3222 monet,
701 3147 738 3203 ut
758 3141 917 3224 tragulam
940 3160 1014 3205 cum
1030 3140 1166 3224 epistula
1181 3141 1221 3203 ad
1238 3146 1397 3205 amentum
1410 3154 1435 3196 ro

304 3246 469 3327 edeligata
499 3248 584 3309 intra
614 3248 810 3311 munitiones
843 3252 1020 3311 castrorum
1049 3248 1173 3311 abiciat.
1224 3249 1259 3309 in
1287 3247 1397 3311 litteris

422 3478 453 3528 11
474 3476 545 3545 cogit
561 3484 588 3544 β;
608 3476 709 3545 colligit
727 3497 744 3529 ιι

419 3585 464 3638 47.
485 3584 501 3635 2
520 3585 616 3638 certior
634 3587 676 3637 est
694 3585 787 3639 iactus.
816 3584 890 3650 noa
922 3586 931 3649 ll
963 3585 1204 3653 3progrediturfl3
1223 3585 1342 3653 procedit
1355 3604 1371 3635 ιι
1389 3582 1399 3654 ll

331 3672 355 3723 3.
375 3674 392 3723 4
410 3673 537 3739 praefecit
555 3673 608 3725 Μιι
640 3675 649 3742 lq
681 3674 740 3725 4ei
760 3691 812 3727 om.
834 3693 850 3724 ιι
884 3676 892 3742 ll
924 3674 1142 3743 dcirdtatiumo
1174 3674 1183 3742 ll
1215 3674 1278 3727 Cet
1290 3680 1372 3739 ooass
1389 3671 1399 3742 ΙΙ

333 3761 566 3827 101ιειιίι·οι·ιιιηβ
596 3763 605 3829 ll
637 3762 854 3830 conuenissentss
886 3764 895 3831 ll
927 3779 972 3830 ne,
992 3764 1015 3816 si
1031 3764 1112 3830 Oad.;
1131 3780 1164 3817 ne
1184 3782 1214 3829 a,
1234 3763 1293 3829 sifi
1324 3762 1333 3830 ΙΙ
1365 3764 1394 3815 11

331 3848 439 3903 fecisset
456 3853 486 3902 ut
506 3869 523 3900 ιι
556 3850 564 3916 ll
598 3852 630 3902 13
650 3850 757 3903 dimittit
776 3871 794 3901 ιι
827 3852 834 3919 ll
868 3854 902 3905 15
922 3852 1054 3920 equitatus
1073 3852 1260 3921 peditatusque
1279 3852 1333 3919 Αβ;
1352 3868 1396 3920 pe-

330 3938 427 3991 ditatus
446 3938 630 4007 equitatusque
649 3938 699 4007 qQ
730 3941 739 4007 ΙΙ
771 3942 805 3995 16
824 3947 874 4007 ιβ

418 4046 464 4099 18.
485 4046 501 4098 2
520 4045 651 4099 reciderat
672 4046 784 4115 Plaga,
809 4047 924 4101 redierat
941 4047 971 4100 X
1006 4048 1013 4115 ll
1051 4049 1067 4101 3
1086 4048 1220 4101 communi
1243 4048 1323 4101 saluti
1345 4049 1398 4115 (sa-

329 4132 385 4185 lute
403 4135 449 4203 pa)
467 4141 496 4201 β;
515 4136 663 4188 communis
681 4135 776 4189 salutis
796 4155 813 4187 ιι
846 4137 854 4203 ΙΙ
887 4137 1045 4204 isuadetfl
1076 4139 1084 4206 ΙΙ
1118 4138 1151 4191 10
1170 4140 1335 4191 ammentum
1354 4156 1371 4188 ιι
1388 4135 1399 4206 {l

331 4223 362 4274 11
383 4223 557 4277 niunitiouem
577 4244 594 4275 ιι
