3134 4859
320 316 383 377 134
717 329 823 383 13an
842 328 984 383 GALLICI

318 493 388 576 peio
412 492 602 575 proconsule
625 492 716 575 petit,
745 493 897 573 quoniam
924 494 991 575 ipsa
1021 492 1061 554 ad
1085 492 1197 555 urbem
1225 510 1299 553 oum
1327 492 1385 553 im-

317 600 406 681 perio
433 600 481 662 rei
507 598 655 682 publicae
687 618 784 662 causa
811 604 1001 681 remaneret,
1036 618 1116 679 qnos
1149 616 1189 661 ex
1223 597 1412 681 Cisalpinae

318 705 420 769 Gallia
443 706 555 771 consul
578 711 776 780 sacramento
800 712 954 789 rogasset,
979 705 1019 768 ad
1043 706 1135 789 signa
1158 705 1332 768 convenire
1356 709 1388 767 et

289 812 358 878 aad
389 833 424 877 se
455 812 613 896 proficisci
640 813 777 894 iuberet,
810 814 917 896 magni
944 814 1097 875 interesse
1126 812 1221 875 etiam
1251 812 1287 873 in
1314 811 1387 874 reli-

318 940 419 1002 quum
451 932 576 1003 tempus
608 920 648 983 ad
681 921 864 1003 opinionem
898 919 1019 983 Galliae
1058 919 1245 981 existimans
1284 921 1388 981 tantas

318 1026 420 1089 videri
443 1027 553 1090 ltaliae
576 1027 755 1107 facultates,
778 1032 827 1107 ut,
851 1027 879 1089 si
904 1026 981 1109 quid
1005 1030 1089 1089 esset
1116 1026 1151 1087 in
1179 1024 1263 1087 bello
1292 1025 1388 1087 detri-

316 1134 419 1197 menti
441 1139 618 1217 acceptum,
640 1152 707 1196 non
730 1132 825 1196 modo
849 1133 883 1195 id
906 1133 996 1195 brevi
1019 1138 1160 1214 tempore
1184 1132 1307 1213 sarciri,
1332 1130 1389 1194 sed
1404 1153 1429 1195 10

289 1241 412 1304 retiam
440 1240 614 1303 maioribus
642 1241 750 1323 augeri
780 1241 879 1323 copiis
911 1244 1025 1322 posset.
1078 1238 1162 1319 quod
1191 1258 1265 1301 cum
1293 1236 1389 1299 Pom-

317 1347 410 1429 peius
433 1352 465 1409 et
487 1347 535 1409 rei
557 1346 703 1429 publicae
727 1351 760 1411 et
775 1347 935 1410 amicitiae
951 1346 1127 1426 tribuisset,
1152 1344 1296 1409 celeriter
1312 1364 1389 1407 con-

316 1454 399 1517 fecto
430 1473 488 1536 per
519 1472 594 1517 suos
632 1453 750 1517 dilectu
782 1453 885 1517 tribus
917 1457 989 1516 ante
1018 1457 1164 1516 exactam
1191 1452 1329 1515 hiemem
1360 1456 1390 1514 et

318 1561 497 1623 constitutis
520 1564 552 1624 et
575 1560 721 1624 adductis
743 1559 924 1643 legionibus
947 1559 1173 1642 duplicatoque
1202 1576 1311 1620 earum
1337 1576 1390 1621 oo-

318 1668 458 1730 hortium
480 1685 628 1749 numero,
653 1687 829 1749 quoscum
854 1665 888 1741 Q.
911 1666 1032 1729 Titurio
1057 1668 1217 1749 amiserat,
1246 1670 1277 1729 et
1305 1666 1390 1729 cele·
1404 1686 1430 1727 15

317 1776 410 1838 ritate
443 1779 475 1837 et
507 1775 607 1857 copiis
639 1775 762 1856 docuit,
798 1774 875 1856 quid
907 1774 1018 1856 populi
1049 1772 1186 1836 Romani
1219 1772 1391 1855 disciplina

317 1887 412 1963 atque
436 1901 511 1965 opes
534 1886 671 1965 possent.

279 1999 299 2053 2
406 1989 577 2053 Interfecto
593 1988 826 2071 Indutiomaro,
850 1992 887 2050 ut
910 1987 1089 2070 docuimus,
1114 1987 1154 2049 ad
1173 1988 1243 2051 eius
1258 1989 1416 2069 propin-1

318 2114 398 2178 qnos
421 2116 440 2158 a
461 2096 608 2159 Treveris
631 2096 802 2178 imperium
826 2095 971 2158 defertur.
1018 2093 1067 2156 illi
1085 2093 1239 2157 finitimos
1256 2094 1391 2157 Germa-

290 2212 377 2272 2nos
400 2203 570 2265 sollicitare
599 2208 630 2265 et
652 2203 820 2285 pecuniam
845 2201 986 2285 polliceri
1010 2220 1075 2263 non
1099 2200 1266 2263 desistunt.
1312 2220 1392 2264 cnm

318 2329 337 2370 a
368 2310 525 2390 proximis
557 2310 728 2391 impetrare
759 2328 824 2371 non
857 2313 998 2391 possent,
1027 2307 1194 2371 ulteriores
1223 2312 1390 2389 temptant.

317 2416 458 2478 inventis
480 2434 547 2478 non
570 2416 669 2479 nullis
691 2416 873 2479 civitatibus
896 2417 966 2479 iure
989 2414 1123 2477 iurando
1147 2416 1231 2477 inter
1254 2434 1287 2477 se
1311 2434 1417 2477 oon-5

267 2598 270 2602 ¹
316 2521 446 2585 firmant
469 2522 698 2604 obsidibusque
722 2523 761 2586 de
784 2523 921 2605 pecunia
937 2525 1064 2601 cavent,
1088 2520 1309 2603 Ambiorigem
1325 2521 1391 2584 sibi

288 2657 304 2697 3
318 2629 468 2692 societate
491 2635 523 2692 et
543 2628 670 2693 foedere
686 2628 872 2713 adiungunt.
913 2629 1029 2709 quibus
1044 2628 1141 2691 rebus
1157 2629 1292 2711 cognitis
1309 2628 1390 2692 an-

318 2756 380 2818 sar,
405 2754 478 2799 eum
501 2736 645 2817 undique
669 2736 788 2799 bellurn
816 2736 920 2819 parari
947 2735 1083 2817 videret,
1110 2734 1259 2817 NervioS,
1286 2737 1391 2798 Atua-

319 2848 421 2925 tucos,
445 2842 609 2926 Menapios
634 2844 792 2907 adinnctis
816 2842 1020 2907 Cisrhenanis
1044 2842 1192 2905 omnibus
1217 2842 1390 2906 Germanis

319 2970 387 3014 esse
410 2952 445 3013 in
469 2952 578 3033 armis,
602 2950 744 3014 Senones
768 2950 809 3012 ad
829 2952 1020 3032 imperatum
1042 2968 1107 3011 non
1123 2949 1233 3012 venire
1258 2954 1289 3013 et
1313 2969 1390 3013 cum
1405 2968 1430 3009 10

208 3098 210 3102 «
318 3058 512 3121 Oamutibus
535 3056 742 3140 finitimisque
771 3055 953 3120 civitatibus
981 3056 1114 3118 consilia
1141 3058 1390 3136 communicare,

318 3165 502 3227 a'lreveris
526 3163 702 3228 Germanos
729 3164 849 3227 crebris
876 3163 1090 3246 legationibus
1118 3148 1293 3245 sollicitari,
1321 3184 1390 3225 ma-

278 3271 421 3344 3turins
445 3271 506 3334 sibi
530 3270 568 3333 de
591 3269 675 3334 bello
699 3270 905 3354 cogitandum
927 3271 1059 3352 putavit.
1105 3267 1219 3351 Itaque
1242 3269 1416 3333 nondnmr

318 3377 422 3439 hieme
446 3378 588 3440 confecta
610 3379 765 3460 proximis
779 3378 847 3441 ΙΙΠ
871 3378 987 3440 coactis
1010 3376 1190 3461 legionibus
1214 3376 1252 3441 de
1269 3376 1389 3459 impro-

288 3484 387 3551 2viso
411 3484 447 3545 in
468 3482 549 3547 fines
571 3484 764 3547 Nerviorum
788 3484 952 3548 contendit
975 3490 1018 3567 et,
1042 3485 1131 3567 prius
1156 3504 1253 3565 quam
1268 3483 1315 3545 illi
1332 3488 1390 3546 aut

318 3590 491 3653 convenire
526 3595 580 3653 aut
611 3591 780 3675 profugere
812 3596 952 3675 possent,
985 3612 1100 3676 magno
1133 3591 1258 3674 pecoris
1291 3595 1388 3672 atque

407 3801 519 3869 lpotiit
540 3802 600 3855 ΗΜ
631 3801 640 3873 ll
677 3803 899 3869 bremanebatss
939 3801 947 3874 ll
989 3802 1118 3858 dconsul
1140 3801 1244 3869 Oinoe.;
1269 3800 1387 3855 consulis

317 3889 347 3941 X
381 3889 389 3961 ll
426 3890 573 3958 roganissot
592 3911 609 3943 11
645 3890 653 3962 ll
692 3892 726 3945 10
743 3892 866 3945 resarciri
885 3911 902 3943 11
939 3890 947 3965 ll
985 3894 1016 3944 11
1038 3892 1127 3961 augeri
1147 3891 1190 3958 af,
1214 3890 1339 3959 adaugeri
1357 3897 1386 3957 βς

318 3996 409 4033 noeane
427 3979 550 4032 defend?
585 3978 594 4051 {l
632 3981 665 4034 13
684 3980 791 4034 hiemen
814 3980 874 4050 Qab

406 4070 434 4123 2.
457 4072 468 4121 1
490 4068 578 4122 indue.
593 4071 632 4138 χῙ
663 4068 671 4141 ll
708 4070 849 4124 ‘ltreuiris
868 4088 903 4141 pe
939 4068 947 4141 ΙΙ
984 4071 1052 4123 dab
1072 4090 1089 4121 11
1126 4068 1133 4141 Η
1171 4070 1237 4125 flac
1250 4069 1385 4138 menapios

319 4178 337 4209 a
382 4157 390 4229 ll
437 4158 471 4213 10
494 4166 646 4227 senonasfl
690 4158 699 4230 ll
745 4161 776 4212 11
802 4160 952 4214 carnotibus
977 4179 998 4211 π
1043 4158 1051 4231 ll
1099 4159 1132 4212 12
1155 4160 1187 4212 ab
1207 4177 1241 4226 πς
1264 4158 1349 4227 obse
1378 4156 1386 4229 ll

317 4248 424 4301 treuiris
444 4266 478 4318 (111
