3134 4859
550 330 659 384 LIBER
677 332 710 384 V.
730 330 806 385 cnP.
827 332 913 385 3-6.
1205 317 1266 379 101

166 496 286 573 atissa,
308 494 448 576 reliquas
463 498 589 577 paratas
605 494 644 556 ad
660 494 878 577 navigandum
894 499 989 576 atque
1006 493 1155 558 omnibus
1171 494 1268 558 rebus

194 604 368 665 instructas
395 603 526 664 invenit..
577 600 690 664 eodem
717 603 879 682 equitatus
912 602 1009 664 totius
1039 600 1159 665 Galliae
1192 621 1296 667 con-a

194 710 297 789 venit,
321 728 455 772 numero
469 709 560 771 milia
577 708 657 791 IIII,
680 708 907 790 principesque
931 727 973 771 ex
993 708 1142 771 omnibus
1158 709 1268 771 civita-

194 816 296 894 tibus3
321 834 363 879 ex
386 814 505 896 quibus
528 834 717 899 perpaucos,
746 834 884 896 quorum
908 816 941 877 in
965 834 999 878 se
1022 814 1119 879 fidem
1141 834 1295 898 pampo-4

195 928 301 1002 xerat,
324 922 506 1003 relinquere
528 924 563 984 in
587 920 703 1002 Gallia,
726 922 868 1003 reliquos
892 921 1040 984 obsidum
1065 922 1134 985 loco
1158 940 1268 985 secum

150 1052 180 1093 ιο
195 1028 314 1092 ducere
330 1028 528 1109 decreverat,
553 1029 652 1111 quod,
677 1030 833 1111 cumipse
850 1029 987 1111 abesset,
1005 1033 1128 1092 motum
1146 1026 1267 1093 Galliae

197 1135 376 1199 verebatur.

167 1267 180 1307 1
286 1242 364 1305 Erat
391 1262 457 1305 una
484 1262 559 1305 cum
587 1244 700 1306 ceteris
727 1242 910 1305 Dumnorix
938 1242 1107 1324 Haeduus,
1135 1243 1175 1305 de
1204 1258 1305 1325 quoo

197 1354 271 1414 ante
296 1349 431 1413 anobis
455 1350 578 1413 dictum
601 1354 657 1413 est.
703 1349 791 1412 hunc
815 1368 924 1413 secum
953 1350 1068 1413 habere
1095 1350 1130 1412 in
1158 1351 1268 1433 primis

196 1459 419 1539 constituerat,
436 1457 523 1539 quod
539 1475 612 1519 eum
629 1457 780 1540 cupidum
797 1476 906 1520 rerum
922 1475 1091 1538 novarum,
1116 1457 1267 1540 cupidum

195 1565 336 1647 imperii,
369 1565 477 1647 magni
505 1565 617 1644 animi,
649 1583 785 1647 magnae
819 1565 902 1627 inter
931 1564 1040 1626 Gallos
1073 1564 1268 1627 auctoritatis

168 1677 399 1753 scognoverat
445 1670 616 1735 accedebat
639 1670 715 1752 huc,
739 1670 826 1751 quod
849 1672 884 1732 in
907 1670 1042 1733 concilio
1058 1670 1297 1735 Haeduoruma

196 1776 382 1840 Dumnorix
406 1777 530 1841 dixerat
553 1776 614 1839 sibi
638 1797 657 1839 a
677 1776 811 1841 Caesare
834 1796 969 1860 regnum
986 1778 1121 1840 civitatis
1138 1776 1267 1857 deferri,

198 1883 285 1964 quod
316 1884 439 1947 dictum
466 1883 594 1947 Haedui
622 1884 761 1967 graviter
787 1883 930 1947 ferebant
962 1903 1066 1966 neque
1099 1885 1269 1947 recusandi

197 1996 254 2053 aut
277 1990 467 2073 deprecandi
490 2011 587 2054 causa
609 1991 732 2073 legatos
760 1991 802 2053 ad
825 1990 991 2054 Caesarem
1018 1992 1143 2053 mittere
1172 1990 1268 2053 aude-

198 2097 283 2159 bant
335 2098 368 2159 id
394 2098 514 2160 t'actum
546 2117 588 2161 ex
615 2098 683 2160 suis
712 2097 889 2181 hospitibus
922 2095 1036 2160 Caesar
1068 2102 1267 2180 cognoverat

151 2228 183 2269 10
197 2204 255 2267 ille
280 2204 430 2267 omnibus
445 2206 549 2287 primo
565 2203 715 2287 precibus
730 2209 838 2287 petere
854 2204 1031 2285 contendit,
1055 2210 1092 2267 ut
1114 2205 1148 2266 in
1165 2203 1297 2269 Gallias

196 2310 446 2393 relinqueretur,
470 2313 586 2394 partim
611 2312 698 2394 quod
714 2312 860 2375 insuetus
875 2310 1050 2394 navigandi
1065 2329 1153 2374 mare
1177 2311 1268 2373 tima·

196 2422 260 2498 ret,
283 2419 398 2500 partim
416 2419 503 2501 quod
519 2418 729 2501 religionibus
744 2418 892 2502 impediri
908 2437 976 2481 sese
995 2417 1121 2482 diceret.
1161 2424 1297 2501 posteat

198 2545 295 2607 quam
319 2525 354 2587 id
378 2524 534 2589 obstinate
557 2524 620 2588 sibi
643 2526 753 2608 negari
776 2525 872 2605 vidit,
896 2526 984 2587 omni
999 2544 1054 2608 spe
1077 2525 1269 2608 impetrandi

197 2632 345 2714 adempta
376 2633 537 2715 principes
571 2631 693 2695 Galliae
726 2631 910 2714 sollicitare,
943 2650 1091 2695 sevocare
1126 2632 1268 2715 singulos

149 2760 183 2803 15
198 2739 382 2821 hortarique
414 2741 530 2822 coepit,
568 2741 616 2802 uti
648 2739 680 2800 in
715 2740 892 2801 continenti
926 2744 1141 2817 remanerent,
1180 2742 1296 2803 metuo

197 2847 357 2909 territare:
383 2865 448 2909 non
472 2846 542 2909 sine
565 2864 661 2909 causa
683 2844 766 2928 fieri,
799 2850 836 2909 ut
859 2845 962 2909 Gallia
986 2846 1074 2907 omni
1102 2844 1268 2908 nobilitate

197 2953 401 3035 spoliaretur3
426 2954 459 3015 id
483 2972 552 3016 esse
577 2952 748 3015 consilium
773 2952 930 3033 Caesaris,
954 2958 1002 3034 ut,
1032 2970 1112 3033 quos
1135 2952 1169 3014 in
1193 2970 1268 3014 con-

196 3064 311 3143 spectu
342 3059 464 3123 Galliae
492 3058 672 3123 interficere
700 3064 877 3139 vereretur,
909 3059 968 3121 hos
996 3077 1107 3121 omnes
1134 3058 1169 3120 in
1197 3059 1268 3122 Bri-

196 3168 340 3229 tanniam
364 3166 526 3230 traductos
547 3171 688 3245 necaret,
713 3165 810 3229 fidem
826 3165 960 3248 reliquis
976 3166 1194 3249 interponere,
1217 3167 1297 3232 iuss

149 3274 371 3337 aciprandum
398 3292 543 3357 poscere,
572 3278 622 3354 ut,
650 3273 738 3355 quod
765 3291 835 3336 esse
864 3292 905 3335 ex
934 3293 997 3337 usu
1025 3271 1146 3336 Galliae
1174 3272 1269 3337 intel-

196 3381 365 3462 lexissent,
389 3380 553 3443 communi
577 3380 711 3442 consilio
735 3380 1001 3443 administrarent.
1048 3380 1125 3443 haec
1149 3400 1269 3443 acom-

287 3610 304 3663 6
323 3609 404 3663 totius
423 3608 517 3677 galliae
536 3608 670 3677 equitatus
688 3617 705 3676 p
736 3615 746 3677 tt
778 3610 793 3663 7
814 3609 886 3663 milia
899 3609 970 3677 HM3
989 3610 1041 3662 mil
1056 3617 1084 3677 β;
1104 3609 1208 3663 milium
1224 3629 1241 3661 o
1261 3609 1270 3681 lt

195 3700 213 3753 8
233 3714 367 3767 paucos]

285 3807 314 3861 6.
336 3806 349 3857 1
370 3806 536 3875 dubnorixp
573 3806 581 3874 tt
618 3805 763 3859 2anobis
782 3808 860 3859 autea
877 3813 905 3873 p3
927 3808 987 3859 anto
1006 3806 1039 3860 ab
1058 3806 1133 3861 nobis
1153 3826 1170 3857 a
1207 3806 1215 3874 [l
1252 3808 1269 3860 3

194 3911 260 3949 eum
279 3901 369 3961 onap
400 3894 409 3961 Ι]
441 3895 501 3948 bin
523 3895 565 3962 “ft
586 3895 638 3948 iam
656 3895 719 3962 inp
750 3898 759 3964 Η
792 3895 958 3948 ddubnorix
977 3895 1047 3963 ΜΡ)
1086 3896 1094 3963 tl
1131 3896 1164 3950 10
1182 3895 1269 3963 preci-

196 3986 247 4038 bus
267 3984 388 4052 primofl
418 3984 428 4052 ΙΙ
461 3985 494 4037 12
513 4000 571 4037 seso
591 3984 690 4037 diceret
708 3984 866 4051 impedit-ip
906 3984 915 4051 lt
958 3986 991 4036 14
1013 3984 1166 4053 sollicitare,
1191 4000 1269 4037 seuo-

195 4089 258 4126 care
278 4072 325 4142 (B,
344 4088 470 4126 reuocare
483 4073 569 4142 χΜΒ)
589 4073 705 4141 singulos
726 4092 756 4141 «3
775 4072 895 4141 singulos
915 4072 1068 4143 sollicitare,
1092 4089 1216 4127 seuocare
1235 4073 1269 4140 tl;

196 4177 323 4216 reuocare
342 4162 394 4229 nh)
411 4168 429 4229 β
461 4162 470 4230 tl
503 4164 535 4216 15
555 4165 586 4215 ut
604 4162 650 4229 Mp
681 4164 690 4231 tl
724 4164 765 4216 15.
787 4164 820 4217 16
839 4165 914 4216 metu
931 4162 1051 4216 territare
1070 4169 1153 4230 emp
1184 4164 1193 4231 lt
1227 4162 1268 4214 17.

197 4252 232 4305 18
251 4253 424 4320 conspectum
442 4259 460 4319 p
491 4252 499 4320 lt
533 4252 573 4306 19.
594 4252 629 4306 20
646 4253 689 4306 ius
708 4252 850 4306 iurandum
869 4252 918 4305 det.
940 4251 1066 4305 Eussner
