3134 4859
511 318 620 371 LIBER
636 318 669 371 V.
690 318 766 374 clP.
782 320 905 374 46-49.
1177 308 1239 367 127

170 480 282 543 scribit
304 499 339 544 se
362 500 437 543 cum
458 480 639 563 legionibus
662 482 838 564 profectum
862 481 1007 547 celeriter
1023 483 1143 561 adfore,
1168 484 1241 546 hor-

171 591 268 667 tatur,
296 592 333 650 ut
354 587 521 670 pristinam
548 588 699 651 virtutem
726 589 870 651 retineat.
922 589 1034 653 Gallus
1061 590 1269 673 pericnlumr

172 694 304 776 veritus,
329 699 365 756 ut
386 698 455 757 erat
476 699 692 777 praeceptum,
719 695 876 777 tragulam
904 696 1008 759 mittit.
1059 697 1136 761 baec
1164 716 1270 766 casus

134 824 157 865 15
171 799 211 861 ad
243 800 358 863 turrim
390 800 536 863 adhaesit
566 820 672 883 neque
704 803 865 865 anostris
892 802 990 866 biduo
1019 803 1240 867 animadversa

170 908 263 970 tertio
287 907 339 971 die
362 927 381 970 a
405 908 544 989 quodam
569 908 671 971 milite
698 910 906 992 conspicitur,
935 909 1062 993 dempta
1089 909 1128 972 ad
1152 908 1239 973 Cice-

153 1031 282 1075 ronem
305 1013 451 1077 defertur.
497 1014 553 1077 ille
575 1014 746 1097 perlectam
772 1016 809 1077 in
836 1020 997 1079 conventu
1024 1016 1161 1079 militurn
1190 1035 1268 1082 reo

170 1120 247 1182 citat
269 1120 475 1202 maximaque
498 1140 609 1185 omnes
631 1121 752 1184 laetitia
775 1120 890 1185 adficit.
936 1126 1005 1185 tum
1028 1123 1108 1186 fumi
1129 1124 1239 1186 inoen-
1254 1147 1284 1188 ru

170 1226 297 1289 diorum
320 1226 432 1309 procul
453 1227 658 1307 videbantur,
684 1246 767 1309 quae
790 1246 841 1291 res
864 1248 992 1292 omnem
1009 1229 1239 1293 dubitationem

131 1355 157 1397 20
170 1332 328 1397 adventus
350 1333 513 1416 legionum
537 1334 667 1417 expulit.

144 1464 156 1503 1
261 1439 344 1503 Galli
366 1459 401 1503 re
428 1442 555 1523 cognita
580 1460 639 1525 per
665 1442 882 1524 exploratores
914 1442 1115 1506 obsidionem
1143 1443 1238 1506 relin-
1257 1450 1299 1504 lu

171 1551 289 1627 quant,
322 1547 362 1609 ad
394 1545 562 1611 Gaesarem
589 1549 739 1612 omnibus
772 1549 872 1632 copiis
904 1550 1109 1613 contendunt.
1161 1551 1239 1613 haec

171 1658 263 1716 erant
294 1658 414 1716 armata
445 1654 571 1717 circiter
601 1655 692 1717 milia
722 1654 790 1718 LX.
843 1654 952 1719 Cicero
986 1657 1059 1719 data
1090 1656 1267 1719 facultatea

172 1758 300 1823 Gallum
324 1760 492 1823 abeodem
508 1760 693 1842 Vertieone,
717 1782 813 1844 quem
832 1782 928 1846 supra
943 1763 1239 1844 demonstravimus,

145 1868 298 1949 erepctit,
320 1868 379 1948 qni
403 1867 524 1931 litteras
547 1867 589 1929 ad
613 1866 780 1932 Caesarem
804 1869 931 1933 deferat.
977 1870 1064 1932 hunc
1081 1870 1269 1950 admonete

171 1974 232 2037 iter
253 1980 346 2039 caute
362 1973 596 2058 diligenterque
618 1975 721 2038 faciat.
759 1976 928 2058 perscribit
951 1977 986 2039 in
1001 1976 1114 2039 litteris
1133 1976 1239 2039 hostes

171 2080 210 2143 ab
235 2100 269 2144 se
297 2081 479 2145 discessisse
508 2101 700 2164 omnemque
727 2084 768 2145 ad
796 2102 870 2146 eum
897 2082 1135 2147 multitudinem
1163 2102 1238 2145 con-

171 2188 312 2251 vertisse.
360 2188 477 2269 quibus
500 2188 613 2252 litteris
637 2190 764 2253 circiter
790 2191 897 2254 media
922 2196 1015 2253 nocte
1043 2187 1157 2253 Caesar
1185 2190 1269 2252 adr

171 2294 243 2357 latis
271 2313 346 2357 snos
373 2295 449 2358 facit
475 2296 626 2359 certiores
659 2314 777 2379 eosque
810 2297 850 2359 ad
883 2296 1099 2360 dimicandum
1131 2297 1238 2359 animo

132 2422 159 2463 10
172 2399 345 2464 confirmat.
383 2408 509 2485 postero
525 2402 576 2465 die
598 2403 670 2465 luce
693 2404 796 2486 prima
810 2410 918 2467 movet
932 2410 1034 2467 castra
1058 2409 1089 2467 et
1112 2405 1270 2467 circiters

171 2508 262 2571 milia
284 2528 437 2591 passuum
459 2508 525 2571 1111
544 2529 730 2593 progressus
754 2516 840 2573 trans
856 2511 973 2575 vallem
988 2517 1018 2575 et
1033 2511 1140 2574 rivum
1156 2510 1238 2575 mul-

172 2615 342 2678 titudinem
369 2616 509 2679 hostium
535 2618 745 2699 conspicatur.
795 2622 862 2681 erat
892 2620 1000 2701 magni
1027 2619 1160 2701 periculi
1188 2636 1270 2681 rese

173 2722 305 2784 tantulis
328 2723 429 2805 copiis
452 2723 565 2804 iniquo
589 2723 658 2787 loco
681 2724 847 2805 dimicare,
872 2730 954 2806 tum,
979 2727 1131 2806 quoniam
1155 2725 1238 2787 obsi·

172 2828 268 2891 dione
291 2828 463 2891 liberatum
491 2828 676 2893 Ciceronem
703 2830 836 2913 sciebat,
865 2850 968 2912 aequo
997 2833 1102 2894 animo
1130 2832 1238 2893 remit·

133 2954 159 2995 rs
172 2936 304 2998 tendum
327 2936 368 2999 de
383 2936 542 2999 celeritate
558 2937 775 3000 existimabat:
802 2938 938 3000 considit
953 2946 984 3000 et
1001 2957 1097 3018 quam
1113 2937 1238 3018 aequis·

171 3042 251 3105 simo
274 3048 378 3125 potest
400 3042 470 3105 loco
494 3048 598 3105 castra
624 3045 802 3106 communit
824 3049 919 3123 atque
943 3045 1033 3125 baec,
1062 3045 1120 3106 etsi
1148 3049 1269 3106 orante

171 3150 291 3231 exigua
321 3168 378 3232 per
410 3168 457 3231 se,
493 3150 552 3211 rix
586 3150 752 3213 hominum
786 3151 910 3213 milium
939 3150 1017 3231 Vll,
1052 3152 1238 3233 praesertim

171 3255 269 3319 nullis
293 3274 367 3318 cum
389 3256 641 3338 impedimentis,
669 3262 776 3320 tamen
804 3258 959 3340 angustiis
988 3259 1111 3321 viariun
1141 3277 1237 3340 quarn

171 3363 312 3424 maxime
335 3367 438 3445 potest
461 3364 631 3444 contrabit,
656 3382 693 3426 eo
717 3365 862 3446 consilio,
886 3369 922 3427 ut
941 3366 974 3426 in
990 3383 1146 3427 summam
1163 3383 1238 3426 con-

133 3469 378 3551 antemptionem
410 3469 555 3532 hostibus
588 3471 703 3533 veniat.
758 3472 886 3533 interim
920 3470 1172 3554 speculatoribus
1204 3472 1271 3533 ine

261 3698 295 3750 12
307 3697 410 3767 legione
423 3700 464 3767 1ὄέ
476 3700 538 3752 add.
552 3700 580 3767 a)
593 3706 622 3767 fl,
641 3698 788 3768 legionibus
800 3700 827 3752 ll
840 3700 902 3753 HM
921 3702 929 3768 11
954 3702 986 3754 15
999 3704 1130 3767 1111111111
1148 3699 1155 3771 11
1174 3701 1207 3753 ab
1221 3720 1238 3751 a

259 3790 305 3843 49.
326 3788 342 3839 2
360 3786 426 3841 haec
445 3787 569 3856 A(Q.2)a;
589 3789 639 3841 hae
658 3789 716 3858 <pul
747 3790 755 3856 11
793 3791 808 3841 3
828 3792 928 3843 armata
947 3788 1046 3859 Nipp,
1067 3789 1240 3857 Fleckeisen,

171 3880 288 3930 armatae
306 3876 336 3929 X
366 3878 375 3944 11
406 3878 542 3945 lgallum
561 3879 675 3931 eundem
694 3878 893 3946 uerticonemfl
925 3882 932 3947 11
965 3879 1090 3946 brepetit
1103 3878 1142 3945 N,
1162 3878 1240 3944 Ala,

171 3966 287 4034 repperit
304 3965 335 4018 X
368 3969 377 4034 11
413 3967 574 4035 deseratus,
598 3967 729 4033 reseratu
764 3968 773 4035 11
810 3968 964 4021 Smediem
983 3970 1122 4034 noctcmp
1158 3970 1166 4036 11
1205 3968 1240 4021 10

171 4054 281 4108 Postera
300 4075 318 4106 a
350 4056 358 4123 1
396 4057 427 4107 11
448 4055 545 4109 uallem
565 4073 689 4126 magnam
707 4059 769 4122 etp
801 4056 808 4124 11
843 4058 875 4109 13
895 4057 1002 4110 tantulis
1023 4076 1052 4124 u,
1077 4073 1138 4109 curn
1157 4057 1239 4110 tantis

171 4150 188 4209 11
218 4144 226 4211 11
258 4144 366 4210 11111011
396 4146 405 4213 1
439 4147 471 4199 15
491 4146 603 4199 considit
622 4145 691 4212 HM,
714 4146 833 4198 consedit
851 4146 881 4198 X
914 4149 923 4211 11
961 4148 993 4200 16
1013 4145 1069 4200 loco
1089 4148 1211 4213 potesta
1231 4144 1241 4216 Ι1

173 4234 213 4287 19.
233 4233 268 4288 20
287 4234 481 4287 contentionem
499 4242 517 4301 β
548 4238 556 4301 11
589 4235 631 4289 20.
652 4236 683 4287 21
704 4235 730 4286 iu
751 4252 855 4288 omnem
876 4238 1013 4303 partemii
