3134 4859
305 308 367 369 166
703 320 810 374 BllLLI
828 320 970 373 GALLICI

302 484 409 568 gebat,
433 486 566 566 verituS,
589 504 630 547 ne
653 489 751 547 noctu
775 503 817 546 ex
840 483 956 567 oppido
981 484 1200 567 profugerent,
1225 482 1304 545 duas
1327 482 1374 545 le-

274 593 413 675 rgiones
436 593 470 654 in
493 593 589 654 armis
613 591 773 654 excubare
802 589 898 653 iubet.
946 588 1149 653 Cenabenses
1174 590 1269 673 paulo
1298 594 1373 652 ante

302 698 441 762 mediam
464 704 591 761 noctem
613 697 742 761 silentio
771 716 813 760 ex
838 696 954 780 oppido
979 698 1100 779 egressi
1121 696 1243 759 fiumen
1270 702 1375 759 trans-

274 807 349 872 sire
373 811 553 889 coeperunt.
601 824 664 887 qua
690 823 726 867 re
753 822 810 887 per
839 804 1054 887 exploratores
1081 805 1231 867 nuntiata
1258 801 1377 865 Caesar

302 913 457 996 legiones,
482 932 560 993 quas
584 912 750 994 expeditas
773 929 843 973 esse
867 912 1014 993 iusserat,
1038 912 1138 993 portis
1160 910 1300 973 incensis
1322 911 1376 972 in-
1391 931 1419 973 ao

302 1021 450 1082 tramittit
473 1028 568 1100 atque
597 1018 712 1102 oppido
736 1019 855 1101 potitur
882 1018 1049 1101 perpaucis
1078 1036 1119 1081 ex
1146 1018 1287 1081 hostium
1314 1036 1378 1079 nu-

302 1146 391 1189 mero
424 1126 621 1207 desideratis,
659 1126 735 1207 quin
769 1126 878 1188 cuncti
911 1129 1113 1207 caperentur,
1151 1124 1236 1205 quod
1268 1123 1379 1206 pontis

304 1238 399 1314 atque
424 1235 575 1295 itinerum
591 1232 756 1315 angustiae
772 1232 973 1294 multitudini
995 1231 1103 1313 lugam
1119 1230 1378 1294 intercluserunt.

277 1340 456 1422 eoppidum
480 1339 588 1421 diripit
612 1344 708 1419 atque
732 1338 888 1419 incendit,
915 1338 1066 1420 praedam
1088 1337 1244 1400 militibus
1268 1337 1378 1419 donat,

305 1447 482 1508 exercitum
505 1444 643 1527 Ligerim
667 1445 805 1507 traducit
828 1451 922 1528 atque
946 1445 979 1505 in
1003 1444 1186 1526 Biturigum
1201 1443 1281 1507 fines
1303 1463 1380 1526 per·
1394 1464 1422 1505 25

251 1567 286 1621 12
304 1554 401 1615 venit.
447 1552 704 1634 Vercingetorirr,
733 1551 790 1614 ubi
814 1552 852 1613 de
877 1550 1019 1613 Caesaris
1048 1551 1188 1613 adventu
1215 1552 1408 1633 cognovit,1

306 1660 541 1741 oppugnatione
570 1660 691 1722 desistit
719 1664 815 1739 atque
844 1658 970 1721 obviam
998 1656 1126 1721 Caesari
1157 1656 1379 1741 proficiscitur.

278 1766 361 1829 aille
386 1766 537 1849 oppidum
560 1766 743 1848 Biturigum
766 1766 906 1848 positum
933 1766 969 1827 in
993 1766 1045 1827 via
1067 1764 1297 1828 Noviodunum
1321 1783 1380 1847 op-

276 1892 448 1957 apugnare
471 1874 659 1936 instituerat.
707 1893 770 1956 quo
800 1892 841 1935 ex
865 1872 979 1955 oppido
1008 1892 1082 1934 cum
1109 1872 1205 1954 legati
1234 1872 1275 1933 ad
1302 1890 1380 1935 eum

249 2058 260 2073 κ
305 1981 469 2043 venissent
497 1986 634 2061 oratum,
661 1985 697 2042 ut
725 1979 787 2042 sibi
814 1982 991 2061 ignosceret
1019 1996 1160 2060 suaeque
1188 1980 1272 2041 vitae
1302 1998 1409 2041 con-5

305 2088 437 2170 soleret,
460 2094 497 2151 ut
520 2088 681 2150 celeritate
705 2087 846 2170 reliquas
862 2106 913 2149 res
929 2086 1113 2168 conficeret,
1139 2106 1202 2167 qua
1223 2085 1381 2169 pleraque

306 2201 374 2257 erat
406 2199 608 2275 consecutus,
643 2214 732 2255 arma
759 2193 909 2273 conferri,
942 2212 1040 2274 equos
1068 2194 1216 2276 produci,
1250 2191 1381 2256 obsides

276 2301 375 2363 idari
398 2301 495 2363 iubet.
540 2307 629 2384 parte
653 2303 718 2363 iam
742 2300 889 2363 obsidum
914 2300 1042 2380 tradita,
1071 2318 1145 2362 curn
1168 2299 1294 2381 reliqua
1322 2299 1381 2360 ad-

307 2410 576 2490 ministrarentur,
600 2407 843 2471 centurionibus
867 2412 898 2469 et
917 2408 1027 2490 paucis
1043 2406 1200 2469 militibus
1215 2407 1382 2469 intromis-

307 2516 363 2594 sis,
387 2516 442 2594 qui
458 2534 546 2577 arma
562 2516 768 2597 iumentaque
791 2515 1029 2594 conquirerent,
1053 2514 1213 2595 equitatus
1237 2513 1381 2575 hostium
1398 2532 1425 2573 ro

306 2622 418 2704 procul
441 2622 530 2684 risus
554 2630 614 2702 est,
638 2622 694 2702 qui
717 2640 832 2703 agmen
855 2622 1128 2704 Vercingetorigis
1157 2624 1380 2683 antecesserat.

278 2748 404 2810 aquam
428 2728 524 2791 simul
548 2733 644 2810 atque
668 2729 820 2810 oppidani
844 2732 1080 2810 conspexerunt
1107 2732 1203 2808 atque
1230 2727 1265 2789 in
1290 2744 1381 2809 spem

307 2836 420 2898 auxilii
452 2841 622 2917 venerunt,
660 2836 798 2898 clamore
831 2834 955 2897 sublato
988 2854 1076 2895 arma
1109 2853 1233 2917 capere,
1271 2837 1381 2916 portas

280 2943 470 3024 selandere,
506 2963 634 3005 murum
671 2943 831 3025 complere
869 2946 1048 3023 coeperunt.
1104 2942 1308 3004 centuriones
1343 2942 1382 3003 in

308 3050 438 3132 oppido,
467 3070 540 3112 cum
569 3070 611 3112 ex
634 3048 866 3132 significatione
896 3048 1060 3111 Gallorum
1086 3050 1163 3110 novi
1191 3048 1313 3129 aliquid
1339 3046 1380 3109 ab
1397 3066 1425 3106 15

307 3158 347 3219 iis
370 3158 446 3219 iniri
469 3157 595 3219 consilii
617 3156 864 3238 intellexissent,
888 3155 1004 3237 gladiis
1024 3154 1181 3218 destrictis
1195 3161 1303 3237 portas
1327 3174 1380 3217 oc-

249 3270 504 3345 recupaverunt
526 3282 666 3345 suosque
692 3282 802 3325 omnes
824 3262 1002 3325 incolumes
1026 3266 1221 3344 receperunt.
1265 3259 1410 3323 Caesari

309 3388 350 3432 ex
383 3371 493 3432 castris
527 3371 704 3453 equitatum
732 3370 827 3431 educi
859 3368 949 3431 iubet
981 3368 1202 3451 proeliumque
1231 3375 1380 3448 equestre

309 3474 507 3554 committit,
524 3476 743 3539 laborantibus
772 3477 836 3537 iam
864 3476 930 3538 suis
960 3475 1135 3538 Germanos
1161 3475 1286 3555 equites
1320 3475 1380 3537 eir-

400 3707 431 3758 17
452 3704 621 3759 Cenabenses
640 3706 670 3758 X
708 3706 717 3773 ll
759 3705 792 3758 19
812 3704 911 3757 caesari
931 3724 948 3755 α
989 3706 997 3773 ll
1039 3704 1073 3757 22
1097 3702 1184 3757 cuncti
1205 3721 1235 3770 a,
1263 3702 1319 3756 uiui
1337 3710 1354 3769 β
1372 3701 1379 3773 ll

306 3795 344 3847 ‘23
362 3795 540 3847 multitudinis
559 3814 577 3845 a
609 3796 617 3863 Η
649 3793 834 3847 intercluserat
853 3792 887 3862 pf
914 3794 922 3861 ll
955 3793 988 3847 25
1007 3794 1118 3863 ligerem
1138 3812 1155 3843 a

399 3884 443 3937 12.
464 3884 480 3935 2
499 3884 531 3936 ab
551 3883 780 3951 oppugnationes
813 3888 821 3949 lt
854 3882 956 3935 destitit
975 3902 992 3933 a
1024 3884 1032 3951 lt
1065 3881 1244 3950 3Biturigum
1264 3882 1380 3950 positum

309 3972 337 4024 in
355 3973 399 4025 via
416 3972 605 4026 Noviodunum
628 3990 681 4024 om.
702 3992 719 4022 α
755 3973 764 4039 ΙΙ
802 3972 950 4025 ieonferri
974 3990 1003 4038 u3
1027 3971 1173 4039 proforrifl
1209 3971 1217 4039 ΙΙ
1254 3970 1279 4023 8.
1300 3971 1315 4024 9
1334 3970 1379 4023 ad-

308 4061 527 4127 ministranturp
558 4062 566 4128 tl
601 4064 632 4113 11
653 4063 885 4126 antecesserantp
922 4062 930 4128 ll
968 4063 1001 4115 16
1020 4061 1062 4114 his
1083 4059 1121 4127 Sf
1153 4066 1161 4128 [t
1199 4059 1303 4113 consilii
1321 4058 1379 4111 iniri

304 4156 327 4216 β
358 4152 367 4219 ll
398 4151 525 4203 districtis
538 4150 625 4219 2M²f

400 4240 444 4295 13.
466 4240 482 4291 2
501 4256 553 4307 que
572 4258 625 4292 om.
646 4259 663 4290 a
