3134 4859
254 334 263 350 ο
316 400 319 407 Ι
348 303 410 365 162
747 317 853 372 13an
871 318 1014 373 GALLICI

317 480 532 565 eobtestatur,
565 488 601 544 ut
632 483 666 544 in
700 480 763 545 fide
790 487 945 545 maneant.
992 482 1138 546 celeriter
1170 484 1231 547 sibi
1264 482 1419 565 Senones,

344 588 496 671 Parisios,
529 588 691 670 Pictones,
720 587 892 671 Cadurcos,
920 590 1076 671 Turonos,
1104 590 1275 671 Aulercos,
1302 590 1417 655 Lemo-

343 698 443 779 vioeS,
467 696 579 760 Andos
601 696 805 778 reliquosque
830 714 951 777 omncs,
976 697 1032 779 qui
1057 694 1220 761 Oceanum
1244 698 1416 781 attingunt,

316 804 503 888 radiungit3
538 797 681 866 omnium
708 821 866 866 consensu
896 804 936 866 ad
964 822 1039 867 cum
1067 804 1208 869 defertur
1233 806 1414 888 imperium.

344 931 407 992 qua
430 910 535 973 oblata
558 915 711 993 potestate
735 909 883 973 omnibns
912 911 960 973 his
989 911 1171 974 civitatibus
1200 911 1326 975 obsides
1354 914 1414 975 im·
1430 937 1455 979 ao

341 1024 444 1100 perat,
476 1023 599 1081 certum
627 1034 797 1079 numerum
825 1016 962 1080 militum
993 1017 1033 1079 ad
1061 1036 1094 1081 se
1122 1017 1267 1082 celeriter
1295 1017 1414 1083 adduci

313 1124 442 1207 eiubet,
466 1144 627 1187 armorum
653 1133 808 1205 quantum
833 1143 978 1206 quaeque
1006 1125 1119 1187 civitas
1143 1125 1230 1188 domi
1260 1126 1414 1208 quodque

314 1237 414 1298 oantc
438 1236 563 1315 tempus
587 1231 703 1295 efficiat
726 1233 905 1310 constituit,
931 1232 966 1293 in
988 1232 1101 1313 primis
1117 1234 1273 1314 equitatui
1297 1232 1412 1297 studet.

341 1358 484 1402 summae
516 1338 700 1422 diligentiae
732 1358 891 1401 summam
918 1339 1044 1421 imperii
1076 1341 1278 1403 severitatem
1308 1341 1411 1421 addit;

301 1472 327 1514 10
340 1445 561 1529 magnitudine
585 1446 732 1528 supplicii
755 1445 937 1508 dubitantes
961 1447 1053 1529 cogit.
1097 1466 1173 1508 nam
1188 1448 1308 1511 maiore
1325 1467 1412 1511 com·
1427 1469 1453 1511 aa

339 1554 437 1616 misso
462 1552 576 1616 delicto
600 1554 669 1635 igni
693 1558 788 1635 atque
813 1552 962 1616 omnibus
978 1554 1145 1616 tormentis
1161 1560 1266 1633 necat,
1288 1554 1410 1620 leviore

336 1661 379 1723 de
403 1679 498 1723 causa
522 1660 652 1723 auribus
677 1660 813 1723 desectis
836 1666 891 1723 aut
914 1660 1050 1742 singulis
1074 1659 1196 1723 effossis
1225 1661 1326 1724 oculis
1354 1662 1410 1725 do-

338 1787 427 1830 mum
449 1768 595 1850 remittit,
619 1773 656 1829 ut
679 1767 744 1830 sint
767 1767 901 1848 reliquis
925 1767 1115 1829 documento
1140 1772 1171 1831 et
1189 1769 1409 1851 magnitudine

301 1893 459 1958 spoenae
482 1880 679 1957 perterreant
706 1874 794 1936 alios.
845 1872 905 1936 His
934 1874 1098 1957 suppliciis
1126 1874 1270 1938 celeriter
1297 1883 1437 1940 coactor

338 1983 482 2045 exercitu
509 1981 694 2046 Lucterium
722 1980 917 2061 Cadurcum,
950 1999 1093 2043 summac
1121 1981 1283 2045 hominem
1312 1981 1408 2045 auda-

257 2091 260 2097 '
337 2090 418 2171 ciac,
442 2108 516 2151 oum
538 2094 628 2172 parte
651 2090 816 2171 copiarum
839 2088 872 2148 in
896 2087 1039 2173 Batenos
1061 2088 1172 2167 mittit;
1202 2088 1269 2172 ipse
1294 2090 1330 2151 in
1354 2090 1407 2153 Bi-

309 2198 458 2277 aturiges
481 2196 702 2278 proficiscitur.
749 2196 818 2257 6166
842 2194 982 2257 adventu
1006 2194 1167 2278 Bituriges
1191 2195 1230 2257 ad
1245 2194 1407 2277 Haeduos,

337 2322 474 2384 quorum
497 2307 587 2365 erant
609 2303 644 2363 in
666 2300 743 2383 tide,
765 2302 887 2383 legatos
908 2303 1040 2364 mittunt
1056 2302 1233 2365 subsidium
1250 2309 1434 2385 rogatums

308 2428 401 2491 3quo
425 2408 550 2471 facilius
572 2409 711 2471 hostium
735 2410 841 2492 copias
865 2409 1020 2472 sustinere
1036 2409 1167 2491 possint.
1213 2408 1342 2473 Haedui
1367 2410 1406 2473 dc

336 2515 468 2578 consilio
492 2515 680 2597 legatorum,
710 2533 790 2596 quos
814 2514 930 2578 Caesar
953 2515 992 2577 ad
1016 2517 1196 2578 exercitum
1223 2517 1404 2599 reliquerat,

335 2624 440 2705 copias
464 2624 625 2704 equitatus
647 2621 872 2706 peditatusque
889 2622 1031 2685 subsidio
1047 2622 1248 2705 Biturigibus
1263 2626 1402 2689 mittunt.

306 2730 392 2810 iqui
415 2750 489 2792 curn
512 2730 550 2791 ad
575 2728 695 2793 flumen
713 2728 854 2811 Ligerim
878 2731 1052 2811 venissent,
1076 2730 1162 2811 quod
1177 2730 1341 2813 Bituriges
1365 2732 1402 2794 ab

334 2836 477 2899 Haeduis
510 2836 635 2918 dividit,
669 2855 788 2919 paucos
821 2836 888 2898 dies
921 2836 966 2898 ibi
997 2838 1113 2899 morati
1144 2855 1249 2917 neque
1281 2837 1400 2902 flumen
1415 2856 1441 2897 ro

306 2972 319 3012 a
334 2945 470 3007 transire
495 2945 564 3006 ausi
588 2944 719 3006 domum
738 2948 943 3006 revertuntur
958 2942 1135 3026 legatisque
1151 2944 1268 3006 nostris
1284 2964 1400 3008 renun-

332 3052 413 3113 tiant
436 3070 469 3114 se
493 3051 676 3133 Biturigum
699 3050 864 3132 perfidiam
887 3050 1006 3113 veritos
1021 3051 1202 3129 revertisse,
1227 3051 1347 3133 quibus
1369 3052 1399 3113 id

333 3158 459 3221 consilii
481 3157 579 3220 fuisse
603 3158 823 3239 cognoverint,
848 3162 896 3237 ut,
919 3157 946 3218 si
969 3156 1089 3220 flumen
1113 3158 1313 3238 transissent,
1338 3178 1399 3221 una

306 3283 375 3331 sex
397 3269 486 3347 parte
509 3265 582 3347 ipsi,
607 3264 705 3327 altera
727 3255 867 3327 Arverni
890 3282 924 3326 66
948 3264 1226 3327 circumsisterent.
1265 3266 1299 3328 id
1322 3284 1397 3328 eane

332 3371 372 3435 de
395 3391 505 3453 causa,
529 3391 626 3453 quam
648 3370 761 3453 legatis
783 3371 1035 3454 pronuntiarint,
1061 3390 1102 3433 au
1116 3370 1248 3454 perfidia
1271 3371 1395 3435 adducti
1409 3388 1435 3429 16

330 3478 477 3557 fecerint,
502 3478 587 3558 quod
611 3478 691 3540 nihil
714 3477 808 3541 nobis
832 3483 969 3559 constat,
991 3496 1058 3540 non
1082 3477 1210 3540 videtur
1232 3498 1289 3560 pro
1315 3484 1394 3542 certo

304 3604 400 3653 resse
423 3585 616 3668 ponendum.
663 3585 824 3667 Bituriges
841 3604 951 3647 eorum
972 3584 1113 3647 discessu
1137 3584 1244 3648 statim
1268 3605 1302 3649 66
1326 3605 1395 3649 66111

328 3692 484 3755 Artemis
508 3693 715 3775 coniungunt.

419 3869 451 3921 17
470 3871 580 3921 turones
605 3867 637 3934 S,
666 3869 817 3920 tursomnos
841 3885 869 3937 p,
897 3869 1031 3920 turscmos
1055 3886 1076 3918 π
1113 3864 1122 3938 11
1158 3866 1288 3922 Aulercos
1312 3870 1350 3922 ed.
1369 3869 1394 3934 13

327 3955 466 4010 auleuroos
486 3975 516 4022 ας
535 3955 693 4022 aulurcosss
729 3954 737 4027 11
775 3956 808 4010 19
828 3956 975 4025 adiungunt
995 3975 1012 4007 o
1048 3954 1056 4027 11
1098 3956 1132 4008 22
1151 3956 1228 4009 iussit
1248 3977 1265 4007 α
1306 3956 1314 4029 11
1354 3972 1393 4011 ar·

328 4049 460 4099 matorum
485 4045 629 4098 Vielbaber
665 4044 673 4117 11
710 4046 744 4099 26
762 4045 824 4114 igne
844 4064 861 4097 u

416 4136 444 4189 b.
464 4136 480 4190 6
499 4138 607 4203 possent
626 4154 648 4186 π
684 4133 692 4205 11
730 4136 771 4188 13.
794 4135 899 4187 146116
919 4135 968 4203 ipsi
987 4140 1144 4202 6116611611
1181 4133 1188 4205 11
1227 4138 1260 4189 15
1280 4152 1391 4204 pronun·

325 4224 452 4278 tinuerint
469 4231 498 4292 ,63
517 4224 721 4292 pronuntiarunt
739 4225 796 4277 edd.
835 4222 842 4295 11
880 4225 912 4277 17
927 4224 1127 4293 proponendum
1141 4244 1158 4275 α
1195 4222 1204 4295 11
1241 4222 1392 4293 66661611

328 4314 361 4367 18
379 4314 525 4383 iunguntur
544 4334 561 4365 α
