3134 4859
543 328 651 382 LIBER
669 330 716 383 VI.
735 328 812 383 CAP.
833 330 918 385 5-8.
994 352 1004 379 o
1203 316 1266 377 137

169 490 340 573 slogiones
363 492 465 555 missu
488 491 631 556 Caesaris
654 497 860 575 cognoscunt.
929 494 1016 556 ositis
1032 495 1144 557 castris
1168 514 1186 555 a
1208 495 1300 560 mie

197 597 285 661 libus
311 618 464 681 passuum
492 598 557 663 XV
585 599 707 661 auxilia
734 513 966 663 Gennanofln’r
994 604 1160 683 expectare
1193 619 1268 663 con-

198 706 342 768 stituunt
387 704 548 769 Labienus
571 706 710 769 hostium
726 708 853 789 cognito
870 706 1002 770 consilio
1023 726 1154 789 sperans
1169 712 1299 772 teme-4

196 812 290 875 ritate
314 831 426 875 eorum
447 811 515 876 fore
538 812 680 894 aliquam
703 813 877 876 dimicandi
899 813 1082 876 facultatem
1109 814 1267 896 praesidio

197 917 229 979 V
253 918 433 981 cohortium
460 918 696 1002 impedimentis
722 919 832 983 relicto
861 939 934 983 cum
957 918 1056 982 XXV
1084 920 1269 984 cohortibus

156 1048 183 1089 10
197 1043 380 1108 magnoque
408 1026 553 1107 equitatu
584 1031 694 1089 contra
722 1026 844 1090 hostem
872 1025 1087 1110 proficiscitur
1119 1032 1150 1112 et
1180 1027 1268 1091 mille

196 1151 351 1213 passuum
372 1133 553 1197 intemrisso
582 1134 682 1216 spatio
715 1138 819 1196 castra
846 1134 1029 1197 communit.
1086 1139 1153 1197 erat
1183 1136 1300 1200 intera

196 1238 377 1302 Labienum
400 1244 496 1321 atque
519 1239 643 1303 hostem
666 1238 789 1304 difficili
818 1242 953 1304 tramitu
976 1240 1099 1304 flumen
1125 1242 1268 1323 ripisque

197 1346 385 1429 praeruptis.
437 1346 498 1409 hoc
529 1364 635 1429 neque
667 1348 735 1429 ipse
768 1349 903 1411 transire
935 1346 1072 1411 babebat
1098 1348 1132 1410 in
1161 1348 1269 1411 animo
1348 1352 1351 1357 '

197 1471 305 1534 neque
327 1452 435 1517 hostes
458 1454 648 1516 transituros
671 1453 881 1517 existimabat.
928 1454 1104 1538 augebatur
1131 1454 1269 1517 auxilio-

155 1582 183 1623 rs
197 1580 272 1623 rum
295 1560 411 1623 cotidie
435 1579 514 1643 spes.
552 1560 696 1643 loquitur
711 1561 856 1624 consulto
872 1560 990 1644 palam,
1015 1562 1167 1643 quoniam
1192 1560 1301 1627 Ger-a

197 1667 287 1729 mani
311 1666 751 1749 adpropinquarodieantur,
775 1686 845 1731 sese
869 1687 943 1733 suas
960 1669 1183 1750 exercitusque
1206 1669 1269 1731 for-

199 1780 294 1836 tunas
316 1774 350 1835 in
374 1772 510 1836 dubium
532 1794 598 1837 non
623 1773 852 1837 devocaturum
880 1779 912 1837 et
933 1780 1059 1858 postero
1088 1775 1139 1837 die
1166 1777 1270 1857 prima

198 1880 271 1943 luce
293 1886 397 1943 castra
418 1886 590 1943 moturum.
629 1882 775 1945 celeriter
797 1882 875 1945 haec
895 1880 935 1944 ad
950 1883 1056 1945 hostes
1073 1882 1301 1965 deferuntur,r

199 1991 237 2049 ut
259 2005 301 2049 ex
323 2006 441 2071 magno
465 1987 629 2051 Gallorum
654 1989 798 2069 equitum
823 2006 959 2051 numero
983 2008 1050 2051 non
1072 1988 1179 2052 nullos
1196 1988 1269 2052 Gal·
1292 1982 1294 1987 ’

156 2114 186 2157 ao
200 2093 271 2157 licis
293 2093 390 2157 rebus
412 2095 518 2158 favere
540 2100 657 2158 natura
679 2095 820 2179 cogebat.
865 2093 1027 2158 Labienus
1055 2100 1146 2157 nocte
1169 2095 1301 2161 tribu-s

199 2201 251 2263 nis
273 2200 413 2263 militum
433 2199 611 2284 'primisque
639 2201 807 2265 ordinibus
834 2203 1017 2265 convocatis
1046 2201 1124 2283 quid
1152 2202 1203 2264 sui
1228 2202 1272 2265 ait

200 2308 328 2370 consilii
360 2309 521 2391 proponit,
560 2315 592 2372 et
629 2328 692 2390 quo
724 2309 852 2373 facilius
884 2308 1028 2372 hostibus
1060 2308 1183 2372 timoris
1217 2309 1272 2373 det

201 2414 429 2497 suspicionem,
462 2416 583 2479 maiore
616 2417 749 2499 strepitu
781 2424 812 2479 et
844 2416 998 2497 tumultu,
1032 2434 1128 2497 quam
1159 2416 1271 2500 populi

200 2520 337 2585 Romani
359 2520 421 2584 fert
443 2522 653 2605 consuetudo,
678 2528 781 2586 castra
802 2525 925 2588 moveri
952 2523 1050 2587 iubet.
1096 2524 1147 2585 bis
1174 2522 1271 2587 rebus

157 2647 187 2690 aa
200 2626 295 2710 fugae
317 2628 454 2692 similem
478 2628 704 2712 profectionem
728 2628 832 2693 elficit.
878 2630 955 2693 haee
980 2650 1107 2713 quoque
1134 2649 1192 2713 per
1215 2648 1302 2694 err-o

201 2734 376 2817 ploratoros
399 2740 472 2797 ante
495 2736 601 2799 lucem
624 2737 656 2797 in
675 2740 762 2799 tanta
775 2737 1014 2821 propinquitate
1031 2741 1205 2801 castrorum
1230 2736 1270 2799 ad

174 2842 309 2906 rhostes
332 2840 525 2905 deferuntur.
572 2842 639 2905 Vix
667 2863 782 2927 agmen
810 2844 1023 2906 novissimum
1051 2850 1141 2906 extra
1165 2844 1312 2911 muni-8

201 2948 306 3012 tiones
329 2955 538 3032 processerat,
561 2969 636 3014 cum
660 2950 744 3013 Galli
767 2950 922 3013 cohortati
949 2951 1034 3013 inter
1056 2967 1103 3028 se,
1130 2968 1172 3012 ne
1201 2968 1271 3033 spe-

200 3060 303 3118 ratam
326 3057 477 3139 praedam
500 3075 542 3120 ex
564 3056 715 3121 manibus
731 3058 941 3120 dimitterent:
966 3057 1098 3139 longum
1116 3075 1185 3121 esse
1200 3076 1273 3139 per-

201 3163 321 3226 territis
344 3161 497 3226 Romanis
521 3163 753 3227 Germanorum
777 3163 936 3227 auxilium
961 3168 1141 3246 expectare,
1165 3182 1273 3245 neque

174 3289 294 3333 ssuam
315 3271 383 3353 pati
407 3270 606 3353 dignitatem,
632 3276 669 3334 ut
692 3271 789 3334 tantis
813 3270 912 3354 copiis
941 3276 1005 3333 tam
1030 3271 1181 3353 exiguam
1204 3290 1274 3333 ma·

200 3396 279 3439 num
310 3378 495 3460 praesertim
521 3377 696 3460 fugientem
725 3382 821 3459 atque
847 3378 1033 3461 impeditam
1060 3378 1178 3440 adoriri
1206 3396 1272 3441 non

201 3482 353 3565 audeant,
375 3482 496 3548 flumen
520 3486 655 3548 transire
679 3490 710 3547 et
733 3486 844 3568 iniquo
867 3485 938 3548 loco
960 3486 1158 3549 committere
1182 3503 1273 3567 proe-

201 3590 282 3652 lium
310 3609 376 3653 non
405 3591 559 3655 dubitant.
611 3612 693 3673 quae
725 3592 792 3655 fore
826 3593 1003 3675 suspicatus
1031 3590 1205 3674 Labienus,
1236 3595 1304 3656 uta

203 3717 314 3761 omnes
338 3698 417 3760 citra
438 3696 559 3762 flumen
583 3698 725 3782 eliceret,
754 3698 865 3761 eadem
888 3718 966 3762 usus
989 3698 1192 3762 simulatione
1220 3700 1273 3761 iti-

293 3891 317 3945 8.
337 3891 354 3945 9
373 3891 414 3944 .V.
435 3892 583 3945 cohortium
601 3892 766 3960 praesidiop
790 3894 798 3961 ll
825 3894 857 3946 13
876 3892 903 3945 in
916 3892 1004 3945 animo
1017 3892 1165 3958 habebatfl
1197 3890 1205 3959 ll
1239 3894 1274 3945 15

202 3979 324 4033 eonsrrlto
344 3980 460 4047 Hector,
478 3981 507 4033 in
526 3980 634 4034 consilio
652 3981 693 4048 X,
712 3982 761 4034 del.
781 3981 858 4035 Paul
890 3981 899 4049 ll
932 3982 965 4035 19
985 3980 1152 4049 equitatusp
1184 3981 1192 4049 ll
1231 3981 1274 4034 19.

203 4068 239 4123 20
257 4085 309 4122 non
321 4069 409 4123 nullos
422 4069 506 4138 gallos
518 4069 620 4138 gallicis
639 4090 657 4121 α
694 4069 702 4141 ll
739 4070 863 4125 20nocte
887 4069 938 4137 Op,
957 4073 1037 4123 noctu
1057 4090 1074 4121 a
1111 4069 1119 4141 ll
1156 4070 1275 4123 210011-

203 4158 307 4211 uocatis
321 4178 350 4227 o;
369 4158 500 4226 coactisss
536 4158 544 4230 ll
581 4159 616 4212 sit
634 4159 711 4226 sulp
748 4158 755 4230 Η
794 4159 828 4211 22
847 4160 891 4212 det
909 4159 1046 4225 timon'sp
1082 4157 1090 4229 [l
1132 4159 1165 4212 25
1185 4159 1277 4213 offecit

204 4267 222 4299 a
259 4245 267 4318 ll
304 4248 346 4301 24.
367 4249 400 4302 25
418 4248 461 4302 his
478 4249 559 4302 rebus
641 4247 723 4302 efficit
741 4249 791 4301 del.
811 4248 886 4301 Paul
