3134 4859
541 318 648 372 LIBER
666 322 699 373 V.
719 319 794 373 CAP.
815 320 901 375 6-9.
1195 306 1257 367 103

186 485 378 565 gererentur
400 486 605 565 cognosceret
627 482 863 566 consiliumque
891 502 948 565 pro
972 487 1113 566 tempore
1142 491 1174 547 et
1200 503 1257 566 pro

157 608 222 653 aro
246 593 386 671 caperet,
410 589 477 671 ipsc
502 608 576 651 cunr
599 588 629 649 V
651 589 833 672 legionibus
857 594 888 653 ct
911 590 980 672 pari
1003 608 1137 653 numero
1166 592 1285 673 eqni-n

186 701 271 776 tuni,
305 714 399 778 quem
427 696 462 757 in
490 696 666 759 continenti
693 695 907 778 relinquebat,
935 697 976 759 ad
1003 697 1079 759 solis
1108 716 1257 760 oceasum

182 794 286 866 nares
309 802 412 865 solvit.
445 806 477 866 et
494 801 560 865 leni
580 802 689 865 Africo
708 808 876 885 provectus
897 802 1000 867 media
1021 804 1146 867 circiter
1164 809 1257 867 nocte

181 914 283 973 vento
316 910 499 972 intennisso
526 928 656 973 cursum
688 929 754 972 non
782 910 887 973 tenuit
919 916 950 972 et
977 910 1105 992 longius
1134 910 1257 973 delatus

185 1021 278 1081 aestu
302 1020 369 1079 orta
388 1016 460 1079 luce
478 1016 538 1079 sub
554 1016 683 1079 sinistra
698 1016 897 1079 Britanniam
916 1016 1058 1079 relictam
1081 1019 1256 1100 conspexit.

145 1143 172 1186 10
186 1128 257 1186 tum
280 1142 393 1186 rursus
416 1128 523 1187 aestus
545 1124 828 1186 commutationem
852 1128 981 1186 secutus
1004 1125 1101 1186 remis
1125 1130 1284 1189 conten-e

187 1230 247 1312 dit,
277 1236 313 1293 ut
339 1248 409 1293 eam
436 1235 555 1313 partem
584 1231 708 1294 insulae
737 1236 876 1312 caperet,
906 1250 971 1313 qua
998 1214 1168 1313 opb'mum⁴
1187 1249 1256 1294 esse

186 1356 353 1421 egressum
375 1337 540 1420 superiore
564 1341 681 1400 aestate
705 1344 904 1419 cognoverat.
951 1356 1014 1418 qua
1038 1339 1070 1400 iu
1090 1357 1124 1401 re
1148 1338 1284 1404 admei

186 1444 266 1509 dum
289 1442 355 1507 fuit'
371 1444 510 1506 militum
533 1444 636 1507 virtus
652 1444 825 1525 laudanda,
850 1446 905 1527 qui
922 1425 1074 1508 vectoriis
1090 1444 1257 1528 gravibus-

186 1570 251 1634 que
274 1550 414 1633 navigiis
442 1569 508 1613 non
531 1551 714 1614 intermisso
743 1552 922 1635 remigandi
951 1550 1059 1615 labore
1088 1552 1257 1632 longarum

145 1676 172 1718 ra
185 1660 321 1721 navium
348 1676 478 1721 cursum
509 1654 738 1739 adaequarunt.
791 1677 953 1721 accessum
983 1662 1030 1721 est
1064 1659 1105 1721 ad
1131 1658 1283 1725 Britan-s

183 1767 276 1829 niam
298 1763 449 1827 omnibus
471 1763 610 1828 navibus
633 1757 810 1827 meridiano
834 1764 898 1828 fere
919 1770 1076 1848 tempore,
1100 1783 1206 1847 neque
1222 1766 1255 1827 ln

182 1892 224 1936 eo
247 1872 318 1935 loco
343 1872 443 1935 hostis
466 1877 515 1936 cst
536 1873 638 1951 visus;
667 1872 737 1953 sed,
760 1877 797 1934 ut
820 1876 930 1954 postea
954 1870 1069 1935 Caesar
1093 1890 1134 1934 ex
1157 1873 1282 1954 capti-c

185 1982 235 2043 vis
259 1981 422 2063 cognovit,
445 1998 520 2042 cum
543 1998 678 2060 magnae
702 1998 817 2042 manus
845 1998 882 2043 eo
907 1978 1144 2060 convenissent,
1172 1978 1256 2040 rnul-

185 2086 325 2149 titudine
347 2087 479 2148 navium
501 2088 698 2169 perterritae,
723 2104 806 2168 quae
830 2104 903 2149 curu
927 2085 1090 2148 annotinis
1109 2086 1255 2167 privatis-

143 2211 172 2254 to
186 2211 263 2275 que,
292 2212 371 2275 quas
398 2194 450 2255 sui
477 2194 616 2275 quisque
644 2191 804 2255 commodi
832 2212 927 2256 causa
955 2192 1084 2275 fecerat,
1117 2192 1255 2275 amplius

185 2298 296 2364 Doce
320 2319 386 2362 nno
409 2305 501 2362 erant
524 2301 611 2363 visae
634 2305 790 2383 tempore,
819 2320 837 2362 a
860 2299 951 2363 litore
981 2300 1191 2363 discesserant
1219 2318 1254 2362 ac

157 2425 221 2471 rse
244 2408 279 2469 in
302 2408 467 2490 superiora
490 2406 560 2469 loca
575 2406 770 2470 abdiderant
811 2406 926 2470 Caesar
942 2408 1088 2491 exposito
1113 2407 1292 2477 exercituo

186 2519 219 2578 et
237 2514 307 2577 loco
328 2516 439 2578 castris
457 2515 573 2578 idoneo
592 2518 697 2597 capte,
714 2513 771 2577 ubi
791 2532 832 2578 ex
851 2515 985 2596 captivis
1004 2515 1167 2597 cognovit,
1192 2534 1255 2596 quo

185 2622 220 2683 in
252 2621 322 2684 loco
356 2622 495 2685 hostium
527 2622 638 2704 copiae
670 2612 903 2702 consedissent,
937 2621 1121 2683 cohortibus
1153 2621 1187 2683 X
1215 2622 1255 2683 ad

186 2746 274 2791 mare
305 2728 425 2792 relictis
458 2734 490 2791 ct
521 2728 685 2810 equitibus
718 2726 806 2809 000,
840 2729 895 2809 qui
928 2727 1086 2810 praesidio
1120 2727 1255 2790 navibus

158 2839 306 2916 cessent,
338 2835 378 2899 de
410 2835 504 2898 tertia
535 2836 646 2919 vigilia
678 2834 717 2896 ad
745 2834 851 2897 hostes
883 2835 1049 2898 contendit
1081 2854 1118 2897 eo
1147 2836 1255 2897 minus

186 2943 307 3005 veritus
330 2943 480 3023 navibus,
509 2942 595 3025 quod
618 2942 652 3003 in
676 2942 770 3005 litore
798 2941 887 3004 molli
915 2947 1010 3024 atque
1039 2946 1147 3024 aperto
1176 2941 1255 3004 deli-

186 3054 276 3131 gatas
308 3049 348 3111 ad
381 3068 513 3113 ancoras
545 3048 754 3131 relinquebat.
806 3048 836 3111 ei
865 3048 1021 3131 praesidio
1054 3047 1254 3130 navibusque

184 3154 222 3231 Q.
246 3157 377 3219 Atrium
399 3156 557 3238 pracfecit.
596 3157 664 3238 ipse
683 3160 781 3218 noctu
797 3174 983 3238 progressus
999 3155 1087 3217 milia
1102 3174 1252 3237 passuum
1269 3179 1281 3220 2

185 3262 314 3325 circiter
336 3262 402 3325 XII
425 3263 562 3326 hostium
588 3263 694 3345 copias
717 3264 920 3344 conspicatus
945 3268 1000 3325 est.
1046 3262 1094 3324 illi
1110 3264 1282 3343 equitatus

184 3503 190 3509 ’
222 3520 225 3524 ’
276 3510 465 3580 igererentur
484 3528 511 3575 (ις
539 3510 668 3575 fierentfl
708 3512 716 3577 11
757 3510 774 3563 0
798 3508 963 3577 relinquebat
985 3514 1013 3576 β;
1042 3508 1185 3577 reliquerat
1205 3530 1222 3561 α
1246 3509 1254 3580 11

183 3600 220 3653 ad
238 3598 302 3653 solis
321 3614 444 3652 occasum
464 3617 492 3666 a,
511 3599 574 3653 solis
594 3606 725 3665 occasuri
756 3600 765 3663 11
797 3598 908 3651 9aestu.
929 3601 986 3652 crta
1006 3616 1036 3663 a,
1056 3602 1104 3651 est.
1130 3598 1193 3651 Orta
1211 3606 1227 3665 β
1246 3599 1254 3669 11

185 3690 221 3744 15
239 3688 465 3756 adequauerintp
495 3689 504 3755 11
537 3688 570 3741 18
588 3688 712 3756 cognouit
731 3706 760 3754 a,
780 3687 943 3756 comperitss
967 3688 976 3754 11
1003 3687 1037 3741 20
1056 3689 1168 3755 quisque
1181 3704 1254 3741 com-

185 3778 256 3832 modi
275 3793 356 3831 cansa
373 3778 459 3844 ed.1;
487 3778 597 3846 quisque
616 3778 797 3843 commodis,
826 3776 956 3830 commodi
978 3777 1090 3846 quisque
1114 3792 1193 3831 causa
1210 3783 1228 3843 β
1246 3777 1254 3847 11

184 3866 217 3919 21
239 3866 367 3921 becco.
387 3885 409 3919 π
440 3869 449 3936 11
481 3882 533 3920 uno
552 3870 627 3920 erant
644 3866 718 3921 uisae
736 3870 855 3934 ternpore
876 3884 907 3934 u3
934 3882 988 3921 nna
1011 3870 1086 3919 erant
1110 3866 1191 3919 uisae.
1220 3868 1254 3919 ti-

184 3962 294 4022 morcpl

273 4064 302 4119 9.
322 4065 339 4117 5
358 4065 390 4117 de
408 4070 497 4130 oncri
527 4065 535 4130 1
569 4064 731 4118 lanchoras
749 4070 777 4131 β;
801 4080 924 4118 ancoram
944 4083 961 4114 a
1003 4064 1011 4131 11
1052 4063 1076 4116 ei
1095 4062 1198 4129 Kroff.;
1227 4066 1255 4115 et

183 4152 215 4206 X
244 4153 253 4220 1
286 4152 310 4205 7.
329 4152 530 4221 {inanibusque
549 4152 580 4219 Q.
600 4153 700 4222 Nipp.;
720 4154 859 4222 nauibusq.
878 4160 907 4220 βς
932 4152 1045 4205 nauibus
1065 4151 1187 4220 quintum
1208 4170 1225 4201 a
1245 4148 1254 4220 11

183 4241 325 4296 9circiter
343 4249 431 4309 ocap
