3134 4859
315 284 354 346 10
713 300 819 355 sunm
837 300 980 355 ornum

258 469 294 523 15
312 462 443 526 Postero
468 463 519 527 die
543 468 645 525 castra
674 481 715 526 ex
744 482 780 527 eo
809 464 879 527 loco
909 471 1045 527 movent.
1091 465 1179 528 idem
1206 464 1281 528 facit
1304 464 1407 531 (lae-1

313 590 364 633 sar
387 570 629 651 equitatumque
654 588 794 652 omnem,
818 571 859 633 ad
881 589 1054 634 numerum
1078 576 1228 651 quattuor
1247 571 1380 651 milium,

314 694 408 758 quem
436 695 478 739 ex
506 678 594 739 omni
620 677 787 759 provincia
810 682 841 740 et
863 677 1007 741 Haeduis
1031 682 1127 759 atque
1151 696 1263 741 eorum
1285 679 1381 741 sociis

312 788 458 846 coactum
481 783 629 863 habebat,
653 785 839 866 praemittit,
863 785 919 867 qui
942 783 1084 866 videant,
1114 803 1193 865 quas
1217 785 1252 846 in
1275 791 1381 868 partes

285 890 417 954 ahostes
445 892 506 953 iter
527 891 652 953 faciant.
700 892 755 973 qui
779 890 927 974 cupidius
950 892 1161 954 novissimum
1188 910 1304 974 agmen
1331 893 1407 958 in-5

312 999 414 1061 secuti
448 998 552 1061 alieno
584 997 654 1061 loco
690 1018 765 1061 cum
798 999 943 1079 equitatu
970 998 1192 1061 Helvetiorum
1224 999 1381 1081 proelium

287 1106 526 1183 scommittunt3
551 1110 582 1167 et
604 1106 699 1187 pauci
723 1105 762 1168 de
780 1106 898 1169 nostris
917 1106 1042 1169 cadunt.
1081 1124 1144 1186 quo
1167 1105 1286 1188 proelio
1306 1105 1380 1169 sub

312 1211 368 1273 lati
387 1210 543 1293 Helvetii,
568 1212 654 1292 quod
679 1213 862 1295 quingentis
881 1213 1045 1294 equitibus
1064 1218 1185 1275 tantam
1203 1212 1381 1275 multitudi-

312 1338 386 1381 nem
411 1320 557 1399 equitum
580 1318 797 1401 propulerant,
823 1319 976 1383 audacius
999 1320 1173 1384 subsistere
1196 1341 1261 1383 non
1286 1340 1381 1383 num-

313 1445 408 1507 quam
437 1430 468 1488 et
491 1426 664 1489 novissimo
689 1428 816 1509 agmine
839 1427 959 1509 proelio
983 1432 1109 1490 nostros
1131 1428 1286 1491 lacessere
1310 1446 1423 1494 coe-10

286 1537 435 1615 rperunt.
472 1530 586 1595 Caesar
609 1552 684 1596 suos
708 1533 866 1615 aproelio
890 1534 1074 1597 continebat
1097 1553 1133 1596 ac
1151 1536 1227 1598 satis
1244 1533 1382 1596 habebat

313 1641 347 1701 in
370 1641 550 1722 praesentia
572 1639 695 1703 hostem
722 1641 844 1723 rapinis
877 1638 1172 1725 [pabulationibus]
1204 1641 1381 1723 populatio-

286 1745 471 1828 anibusque
508 1746 684 1829 prohibere.
740 1748 786 1809 ita
823 1748 891 1811 dies
928 1749 1053 1811 circiter
1089 1748 1155 1811 XV
1197 1749 1258 1811 iter
1298 1748 1381 1810 fece·

312 1858 399 1935 runt,
432 1855 480 1916 uti
511 1856 594 1917 inter
621 1855 833 1917 novissimum
863 1856 1004 1917 hostium
1036 1875 1150 1939 agmen
1180 1861 1211 1919 et
1237 1860 1382 1917 nostrum

311 1961 453 2043 primum
481 1981 546 2024 non
575 1961 710 2043 amplius
740 1962 847 2042 quinis
875 1967 930 2025 aut
957 1962 1043 2025 senis
1071 1962 1201 2025 milibus
1228 1981 1381 2044 passuum
1396 1988 1423 2028 15

311 2068 487 2131 interesset.

259 2187 294 2239 16
401 2175 534 2238 Interim
566 2176 680 2239 cotidie
715 2175 831 2238 Caesar
861 2174 1015 2239 Haeduos
1048 2175 1257 2258 frumentum,
1295 2175 1408 2257 quodi

286 2288 428 2358 aessent
452 2282 579 2364 publice
613 2282 758 2364 polliciti,
800 2282 950 2365 flagitare.
1003 2302 1078 2346 nam
1110 2288 1236 2366 propter
1263 2282 1382 2364 frigora

314 2389 412 2473 [quod
428 2378 532 2452 Gallia
550 2389 609 2452 sub
634 2389 918 2472 septentrionibus,
941 2395 978 2452 ut
1001 2396 1073 2453 ante
1096 2390 1216 2453 dictum
1240 2395 1299 2471 est,
1324 2408 1381 2472 po-

313 2497 373 2559 sita
396 2494 468 2579 est,]
493 2515 558 2558 non
579 2496 674 2559 modo
697 2495 857 2560 frumenta
879 2498 912 2559 in
937 2497 1022 2579 agris
1045 2501 1170 2558 matura
1192 2516 1257 2559 non
1282 2502 1381 2576 erant,

284 2592 369 2666 ased
396 2622 437 2665 ne
464 2602 576 2685 pabuli
600 2603 729 2685 quidem
752 2605 828 2666 satis
850 2623 967 2686 magna
995 2604 1087 2686 copia
1109 2602 1309 2686 suppetebat;
1343 2622 1408 2669 eoa

314 2715 420 2773 autern
443 2709 617 2791 frumento,
646 2710 731 2791 quod
751 2710 885 2773 flumine
905 2711 1002 2773 Arari
1024 2711 1160 2773 navibus
1181 2710 1381 2790 subvexerat,

312 2823 477 2900 propterea
499 2818 548 2879 uti
570 2818 677 2879 minus
700 2822 835 2900 poterat,
860 2817 946 2898 quod
970 2818 1032 2880 iter
1059 2817 1097 2880 ab
1121 2818 1216 2879 Arari
1239 2816 1382 2880 Helvetii

285 2929 504 3005 reverterant,
529 2944 547 2985 a
571 2924 687 3005 quibus
710 2923 874 2987 discedere
896 2924 1032 2986 nolebat.
1074 2924 1159 2986 diem
1183 2942 1225 2985 ex
1249 2924 1300 2987 die
1324 2922 1382 2985 du-

285 3050 384 3095 acere
409 3030 548 3095 Haedui:
574 3032 723 3111 conferri,
747 3032 949 3113 comportari,
973 3032 1083 3094 adesse
1108 3031 1220 3093 dicere.
1267 3031 1323 3094 ubi
1347 3048 1381 3093 se

313 3140 433 3201 diutius
453 3139 527 3202 duci
545 3138 705 3201 intellexit
723 3133 754 3201 et
773 3138 858 3200 diem
876 3139 1007 3218 instare,
1032 3156 1095 3219 quo
1115 3138 1166 3200 die
1184 3138 1382 3200 frumentum
1396 3162 1423 3203 ro

312 3244 467 3307 militibus
490 3246 596 3307 metiri
624 3250 794 3327 oporteret,
823 3245 1005 3307 convocatis
1033 3263 1145 3307 eorum
1171 3243 1381 3326 principibus,

313 3370 450 3433 quorum
473 3371 620 3435 magnam
644 3354 768 3434 copiam
791 3353 824 3413 in
849 3352 961 3415 castris
985 3350 1133 3431 habebat,
1160 3352 1196 3413 in
1219 3352 1269 3413 his
1292 3350 1382 3413 Divi-

313 3460 399 3520 ciaco
429 3464 460 3521 et
485 3457 591 3540 lisca,
625 3459 682 3540 qui
715 3478 839 3521 summo
867 3458 1067 3540 magistratui
1095 3463 1252 3539 praeerat,
1286 3477 1383 3538 quem

313 3564 537 3647 vergobretum
570 3564 729 3647 appellant
760 3563 902 3645 Haedui,
940 3566 997 3645 qui
1030 3570 1156 3626 creatur
1187 3583 1314 3626 annuus
1352 3571 1383 3625 et

313 3673 396 3734 vitae
419 3672 571 3752 necisque
592 3672 627 3733 in
650 3690 725 3733 suos
749 3671 843 3734 habet
866 3677 1065 3753 potestatem,
1093 3672 1232 3753 graviter
1255 3690 1309 3734 eos
1333 3690 1382 3733 ac·
1397 3696 1423 3736 ia

287 3783 416 3861 eousat,
442 3779 539 3859 quod,
563 3798 637 3840 cunr
659 3796 764 3858 neque
789 3781 852 3840 emi
876 3796 980 3860 neque
1000 3797 1042 3840 ex
1064 3779 1147 3860 agris
1170 3778 1256 3839 sumi
1274 3780 1382 3859 possit,

402 3974 446 4028 15.
467 3971 739 4040 llaproeliosunsa
771 3971 779 4042 [l
814 3971 847 4023 12
862 3970 1072 4040 pabulationibus
1082 3971 1131 4023 del.
1142 3971 1205 4024 Ala.
1234 3970 1242 4041 ll
1276 3972 1309 4023 14
1321 3974 1382 4024 utar

402 4064 447 4117 le.
462 4062 510 4116 3.4
523 4062 592 4130 quod
604 4060 688 4115 Gallia
699 4102 794 4115 ......
805 4062 891 4128 posita
899 4067 941 4113 est
953 4060 1002 4113 del.
1015 4060 1135 4113 Scba'ller
1148 4058 1156 4130 ll
1171 4062 1188 4113 6
1202 4065 1227 4112 et
1242 4062 1256 4112 7
1271 4060 1338 4113 arari
1352 4078 1381 4126 a,

312 4168 386 4205 arare
404 4151 434 4204 X
468 4149 476 4222 ll
515 4152 547 4204 13
567 4154 686 4219 praeerat
705 4150 857 4217 Nicasius,
881 4153 1021 4218 praeerant
1038 4149 1069 4201 X
1107 4147 1114 4218 Η
1157 4150 1190 4203 16
1210 4150 1294 4217 possit
1312 4149 1382 4215 ΗΜ;

313 4245 402 4310 posset
421 4241 460 4308 X,
484 4241 567 4309 possit
585 4242 749 4293 frumentum
768 4239 795 4291 D
