3134 4859
511 336 1255 405 mssaRvn.cAP.3o-33.179

186 521 270 595 sent,
244 514 359 578 tduo
381 514 603 596 magistratum
620 519 774 596 gerente
775 517 837 577 tse
855 518 988 594 uterque
1005 531 1115 575 eorum
1131 512 1256 597 legibus

185 626 272 684 creat
275 641 330 683 um
353 621 444 683 dicat
491 620 605 683 horum
628 638 698 683 esse
721 620 856 683 alterum
879 618 1013 683 Convict
1015 619 1176 701 olilavem,
1199 619 1256 683 llo-
1269 648 1284 688 4

185 733 309 791 rentem
333 731 366 790 et
388 727 556 790 inlustrem
579 726 829 807 adulescentem,
857 726 992 789 alterum
1017 725 1146 808 Cotum,
1174 728 1256 789 anti-

186 834 343 916 quissima
373 833 494 896 familia
525 838 638 895 natum
666 837 762 915 atque
790 833 897 916 ipsum
923 833 1084 896 hominem
1112 852 1255 897 summae

143 964 171 1005 rs
185 944 346 1023 potentiae
375 945 405 1004 el
433 959 568 1023 magnae
596 940 806 1023 cognationiS,
834 941 926 1003 euius
952 939 1049 1003 frater
1070 940 1255 1003 Valetiacus

186 1049 334 1130 proximo
367 1066 452 1109 anno
485 1047 623 1111 eundem
656 1048 875 1130 magistratum
906 1048 1046 1129 gesserit.
1093 1047 1283 1115 civitatems

186 1174 256 1218 esse
274 1173 401 1217 omnem
416 1155 452 1217 in
468 1155 577 1234 armis,
601 1154 740 1217 divisum
757 1158 918 1234 senatum,
937 1153 1076 1217 divisum
1092 1153 1255 1237 populum,

186 1281 261 1325 suas
288 1263 445 1343 cuiusque
473 1280 584 1324 eorum
611 1261 783 1324 clientelas.
835 1260 922 1343 quod
949 1261 977 1322 si
1005 1260 1126 1323 diutius
1154 1260 1257 1323 alatur

187 1369 416 1451 controversia,
438 1368 518 1445 lore,
546 1369 594 1430 ufi
616 1388 690 1451 pars
713 1388 787 1431 cum
815 1372 903 1451 parte
932 1366 1070 1431 civitatis
1098 1366 1255 1450 confligat.

145 1494 173 1536 20
186 1475 221 1537 id
243 1494 284 1537 ne
308 1475 442 1557 accidat,
465 1476 605 1557 positum
628 1475 662 1536 in
678 1476 747 1537 eius
763 1474 930 1557 diligentia
951 1478 1046 1557 atque
1061 1475 1255 1537 auctoritate.

159 1579 317 1662 ransar,
340 1583 400 1644 etsi
423 1601 442 1643 a
465 1581 548 1644 bello
573 1587 667 1664 atque
691 1581 782 1645 hoste
806 1580 967 1645 discedere
992 1581 1257 1645 detrimentosum
1274 1597 1310 1653 33

187 1707 257 1753 esse
280 1688 498 1771 existimabat,
521 1693 629 1752 tamen
652 1707 717 1751 non
739 1690 904 1771 ignorans,
928 1693 1047 1769 quanta
1070 1706 1112 1751 ex
1135 1678 1256 1751 dissen-

187 1795 335 1859 sionibus
361 1796 565 1858 incommoda
592 1796 668 1857 oriri
696 1801 917 1877 consuessent,
949 1814 989 1859 ne
1018 1799 1106 1857 lanta
1133 1802 1165 1858 et
1192 1800 1256 1856 turn

102 1944 107 1954 ·
187 1903 361 1965 coniuncta
383 1903 503 1986 populo
518 1902 663 1965 Romano
679 1902 803 1982 civitas,
828 1920 924 1984 quam
938 1902 1006 1984 ipse
1021 1920 1146 1984 semper
1161 1901 1257 1963 aluis·

159 2028 173 2069 5
188 2013 238 2072 set
253 2009 465 2092 omnibusque
481 2008 577 2073 rebus
594 2013 749 2091 ornasset,
773 2008 813 2070 ad
830 2008 895 2070 vim
910 2013 1004 2090 atque
1021 2028 1111 2070 erma
1126 2008 1255 2070 deseen-

187 2116 279 2180 deret
301 2121 396 2198 atque
421 2134 459 2179 ea
481 2135 566 2198 pars,
595 2134 676 2198 quae
699 2116 806 2177 minus
834 2114 895 2177 sibi
922 2114 1108 2196 confideret,
1136 2114 1257 2177 auxilia

187 2243 207 2285 a
221 2223 488 2305 Vercingetorige
504 2228 688 2305 arcesseret,
713 2223 788 2285 huic
803 2223 850 2284 rei
866 2220 1130 2305 praevertendum
1148 2220 1257 2284 existi-

186 2330 300 2412 mavit,
325 2334 357 2393 et
380 2328 466 2411 quod
484 2328 610 2411 legibus
624 2327 834 2392 Haeduorum
859 2329 911 2409 iis,
935 2330 991 2410 qui
1007 2348 1169 2391 summurn
1191 2347 1284 2393 maa

187 2437 357 2519 gistratum
381 2435 576 2517 obtinerent,
599 2436 755 2499 excedere
779 2454 821 2499 ex
839 2434 958 2498 finibus
981 2454 1048 2498 non
1070 2436 1193 2516 liceret,
1216 2454 1257 2499 ne

147 2560 174 2601 ro
189 2544 268 2624 quid
293 2542 332 2606 de
353 2545 424 2607 iure
448 2548 504 2606 aut
527 2544 566 2606 de
590 2542 715 2625 legibus
738 2561 850 2606 eorum
874 2542 1068 2605 deminuisse
1086 2542 1257 2624 videretur,

187 2652 314 2729 ipsein
337 2649 491 2714 Haeduos
514 2649 672 2733 proficisci
700 2650 811 2712 statuit
833 2654 1044 2731 senatumque
1072 2668 1199 2711 omnem
1227 2655 1258 2713 et

189 2776 271 2840 quos
299 2758 384 2819 inter
410 2758 626 2821 controversia
658 2761 741 2821 esset
773 2756 814 2818 ad
846 2775 880 2819 se
908 2753 1071 2818 Decetiam
1104 2757 1256 2819 evocavit

188 2883 263 2927 cum
300 2882 398 2947 prope
430 2866 534 2927 omnis
569 2864 681 2926 civitas
717 2882 756 2927 eo
791 2864 993 2926 convenisset
1027 2862 1284 2944 docereturques

189 2972 301 3053 paucis
320 2970 403 3033 clam
417 2971 600 3034 convocatis
623 2970 686 3033 alio
702 2970 786 3052 loco,
809 2970 871 3032 alio
887 2974 1040 3051 ternpore,
1056 2973 1151 3050 atque
1167 2988 1257 3051 opor·

148 3093 176 3133 15
189 3079 298 3159 tuerit,
313 3077 442 3140 fratrem
459 3077 586 3140 alratre
601 3078 831 3157 renuntiatum,
855 3096 929 3139 cum
944 3075 1031 3155 leges
1048 3074 1111 3137 duo
1135 3093 1177 3137 err
1191 3093 1258 3137 una

189 3184 312 3247 familia
335 3185 408 3248 vivo
436 3189 572 3267 utroque
596 3203 661 3246 non
684 3184 790 3247 solum
813 3183 1015 3265 magistratus
1044 3182 1145 3245 creari
1171 3187 1257 3244 veta-

188 3297 273 3373 rent,
297 3290 352 3354 sed
377 3292 473 3354 ctiam
496 3291 532 3353 in
555 3296 669 3354 senatu
691 3309 760 3353 esse
782 3289 998 3372 prohiberent,
1022 3287 1136 3352 Cotum
1159 3288 1258 3371 impe-

188 3400 274 3462 rium
298 3398 457 3481 deponere
477 3399 593 3480 coegit,
617 3395 913 3477 Convictolitavem,
937 3397 994 3479 qui
1009 3414 1065 3479 per
1080 3395 1285 3457 sacerdotesr

188 3524 278 3569 more
302 3505 439 3568 civitatis
461 3505 652 3568 intermissis
675 3502 913 3587 magistratibus
937 3508 1018 3565 esset
1041 3507 1178 3581 creatus,
1203 3520 1259 3583 po-

149 3626 176 3667 20
190 3617 337 3677 testatem
361 3612 504 3675 obtinere
527 3612 629 3673 iussit.

280 3824 314 3876 12
333 3823 460 3892 creatum]
480 3838 540 3877 esse
558 3823 621 3876 add.
635 3832 652 3874 ά
684 3824 694 3888 ss
726 3824 759 3876 15
778 3820 981 3889 ualeciacus(A
979 3820 1033 3888 );Q
1052 3819 1221 3887 altiacusba
1179 3818 1259 3891 tamti

190 3915 222 3966 17
243 3929 350 3967 omnem
368 3928 428 3966 csse
448 3912 489 3966 Sa
520 3915 528 3983 11
567 3912 601 3965 18
620 3928 682 3966 suas
699 3911 738 3978 X;
762 3911 862 3965 dirisas
880 3910 991 3979 JMeper
1027 3911 1036 3979 ll
1072 3909 1200 3978 cuiusque
1218 3909 1259 3977 X,

188 4002 328 4070 utriusque
346 4001 421 4069 amq

278 4091 325 4147 33.
346 4093 503 4157 laomfl
534 4091 543 4159 ll
575 4092 599 4144 5.
619 4091 637 4144 6
655 4090 803 4143 discederet
821 4109 839 4141 a
871 4091 880 4155 ll
916 4088 1002 4143 fisibi
1020 4104 1073 4141 om.
1094 4107 1111 4139 n
1147 4088 1156 4152 ΙΙ
1191 4087 1260 4141 siis

189 4180 388 4247 ed.1;hisX
416 4180 425 4248 ΙΙ
458 4180 492 4234 10
511 4180 543 4232 de
562 4178 666 4248 legibus
683 4182 731 4232 aut
746 4180 804 4233 iure
823 4185 944 4245 eorumfl
975 4179 984 4247 ll
1017 4178 1050 4231 12
1063 4178 1096 4231 ad
1110 4192 1138 4230 se
1151 4194 1233 4247 onae
1252 4175 1261 4246 ll

190 4270 320 4324 decetiam
334 4276 384 4338 nb
402 4269 525 4338 ctiamtp
556 4269 566 4336 ΙΙ
599 4270 632 4323 15
651 4285 667 4322 a
679 4275 730 4337 χβς
750 4270 818 4337 etp

1047 4372 1099 4424 12*
