3134 4859
329 319 395 381 240
730 330 835 385 BELLI
855 329 998 385 GALLICI

330 497 436 559 hortos
451 496 594 576 undique
609 496 764 577 impetum
778 494 900 557 faciunt
915 492 1131 574 omnibusque
1151 498 1206 555 aut
1226 490 1401 555 interfectis

330 608 387 665 aut
405 604 505 685 captis
524 621 639 684 magna
654 601 773 684 praeda
787 601 962 683 potiuntur.
1002 600 1126 682 capitur
1140 600 1208 681 ipse
1225 616 1262 661 eo
1278 598 1401 681 proelio

331 707 481 792 Drappes.

271 822 311 878 et
422 814 574 878 Caninius
601 814 782 878 felicissime
810 833 845 877 re
868 819 956 897 gesta
979 814 1048 877 sine
1072 812 1137 875 ullo
1167 830 1268 895 paene
1291 811 1430 875 militisr

304 923 464 988 avulnere
497 921 537 984 ad
570 921 762 985 obsidendos
795 920 969 1003 oppidanos
1000 920 1170 983 revertitur
1203 924 1402 999 externoque

332 1031 422 1093 hoste
455 1029 572 1110 deleto,
609 1029 700 1091 cuius
732 1029 846 1090 timore
879 1033 971 1091 antea
1004 1026 1147 1089 dividere
1179 1025 1339 1108 praesidia
1371 1030 1404 1089 et

331 1137 512 1199 munitione
543 1134 718 1218 oppidanos
752 1133 949 1197 circumdare
981 1132 1159 1215 prohibitus
1192 1137 1271 1215 erat,
1308 1152 1405 1215 opera

303 1243 476 1324 eundiqne
500 1243 636 1324 imperat
658 1240 882 1305 administrari,
921 1241 1010 1304 venit
1033 1238 1144 1303 eodem
1165 1259 1240 1302 oum
1261 1240 1328 1303 suis
1352 1258 1432 1302 coe

332 1351 394 1433 piis
420 1354 546 1432 postero
579 1348 632 1411 die
667 1346 699 1411 C.
723 1347 840 1411 Fabius
872 1352 1059 1430 partemque
1093 1346 1201 1429 oppidi
1233 1348 1333 1410 sumit
1365 1347 1405 1410 ad

334 1455 554 1520 obsidendum.

272 1578 314 1634 38
424 1560 538 1626 Caesar
560 1563 690 1625 interim
711 1560 752 1623 M.
770 1561 948 1624 Antonium
972 1565 1171 1642 quaestorem
1195 1579 1269 1623 cum
1293 1561 1425 1624 cohor-r

333 1669 419 1733 tibus
440 1668 505 1733 XV
525 1670 560 1731 in
575 1668 754 1732 Bellovacis
774 1668 939 1750 relinquit,
963 1686 1003 1729 ne
1027 1686 1090 1750 qua
1112 1686 1223 1731 rursus
1247 1686 1401 1729 novomm

305 1776 540 1841 roonsiliorum
559 1774 789 1857 capiendorum
807 1773 916 1857 Belgis
937 1774 1070 1837 farmus
1091 1773 1227 1837 daretur.
1265 1775 1335 1857 ipse
1356 1794 1403 1837 re-

333 1884 437 1965 liquas
457 1884 601 1946 civitates
614 1881 698 1962 adit,
722 1881 849 1945 obsides
868 1881 976 1963 plures
995 1881 1142 1963 imperat,
1165 1880 1314 1945 timentes
1338 1900 1405 1943 onr-

303 2016 320 2056 a
335 1992 425 2053 nium
441 1992 565 2053 animos
580 1989 797 2053 consolatione
814 1993 912 2051 sanat.
948 2008 1021 2051 oum
1037 1988 1072 2049 in
1089 1985 1242 2051 Carnutes
1255 1989 1407 2068 venisset,
1420 2007 1433 2049 o

334 2118 472 2179 quorum
491 2098 525 2159 in
544 2097 673 2159 civitate
694 2096 857 2179 superiore
878 2095 1104 2158 commentario
1122 2093 1238 2158 Caesar
1257 2097 1409 2178 exposuit

335 2205 463 2268 initium
486 2204 562 2266 belli
586 2223 655 2267 esse
675 2207 794 2284 ortum,
819 2202 905 2285 quod
923 2203 1092 2285 praecipue
1112 2220 1166 2265 eos
1184 2210 1312 2284 propter
1330 2222 1408 2265 oon-

334 2312 502 2374 scientiam
529 2310 604 2373 facti
626 2312 738 2373 timere
762 2308 1048 2389 animadvertebat,
1078 2326 1141 2390 quo
1165 2308 1300 2373 celerius
1327 2310 1408 2373 civi-

335 2422 433 2479 tatem
456 2418 570 2480 timore
593 2416 754 2499 liberaret,
782 2416 960 2499 prinoipem
983 2415 1110 2479 sceleris
1133 2415 1220 2478 illius
1245 2420 1276 2479 et
1298 2417 1407 2478 conci-

303 2528 470 2587 4tatorem
487 2522 577 2602 belli,
602 2522 786 2605 Cotuatum,
811 2522 847 2585 ad
870 2522 1062 2605 supplicium
1082 2521 1231 2605 deposcit.
1271 2523 1325 2603 qui
1345 2524 1408 2585 etsi
1424 2541 1450 2582 ro

336 2649 377 2693 ne
401 2630 526 2692 civibus
551 2628 681 2712 quidem
709 2630 777 2692 suis
805 2649 839 2693 se
867 2629 1098 2709 committebat,
1126 2634 1234 2693 tamon
1261 2628 1409 2693 celeriter

304 2738 481 2802 somnium
504 2756 580 2799 cura
606 2737 768 2818 quaesitus
795 2738 831 2799 in
856 2742 956 2799 castra
983 2735 1177 2818 perducitur.
1224 2736 1348 2818 cogitur
1372 2737 1409 2799 in

336 2846 406 2907 eius
440 2843 633 2926 supplicium
667 2847 779 2905 contra
809 2849 957 2906 naturam
992 2838 1083 2905 suam
1116 2842 1230 2905 Caesar
1264 2843 1407 2907 maximo

336 2951 475 3013 militum
503 2969 674 3032 concursu,
708 2950 764 3032 qui
792 2951 821 3013 ei
849 2950 957 3012 omnia
984 2948 1126 3031 pericula
1157 2954 1188 3011 et
1216 2948 1407 3013 detrimenta

337 3057 414 3121 belli
437 3056 468 3141 [a
491 3056 659 3140 Gutruato]
684 3061 813 3139 accepta
835 3056 1025 3133 referebant,
1054 3055 1132 3120 adeo
1161 3061 1197 3118 ut
1219 3056 1406 3119 verberibus
1419 3070 1442 3113 re
1554 3112 1555 3115 ,

334 3166 554 3227 exanimatum
577 3182 693 3247 corpus
717 3164 823 3227 securi
845 3163 1000 3227 feriretur.

428 3357 469 3409 23.
490 3357 595 3424 draptes
616 3357 653 3423 Sp

426 3446 472 3501 37.
490 3447 503 3497 1
519 3462 547 3497 re
557 3445 708 3498 felicissime
720 3445 758 3511 Sd
780 3446 789 3513 ΗΗ
813 3445 864 3498 1.2
879 3445 989 3498 uulnere
1000 3444 1091 3498 militis
1102 3464 1124 3497 π
1150 3445 1158 3513 ΗΗ
1185 3446 1200 3498 3
1214 3448 1292 3499 antea
1305 3432 1363 3497 om.¹
1371 3444 1408 3511 Sp

425 3535 472 3589 38.
494 3533 510 3585 2
528 3534 582 3587 XV
600 3534 668 3601 BM3
688 3534 760 3587 ΧΠ.
775 3533 821 3603 χίς
840 3534 915 3587 XVI.
936 3534 974 3601 Sd
999 3534 1008 3602 ΗΗ
1033 3534 1059 3586 in
1073 3534 1156 3603 belgis
1168 3532 1229 3586 ΒΜ
1247 3535 1255 3603 ΗΗ
1282 3533 1408 3602 relinquit

335 3642 373 3692 ‹p3
391 3622 497 3691 reliquit
510 3630 549 3691 χβ
580 3623 589 3691 ΗΗ
621 3623 844 3691 3capiendorum
864 3622 947 3691 belgis
967 3641 995 3689 ας
1015 3624 1045 3676 ad
1060 3623 1217 3691 capiendum
1231 3621 1329 3676 bellurn
1344 3622 1382 3689 Sp
1399 3620 1407 3694 ΗΗ

335 3713 488 3780 6quorum
507 3730 537 3779 α;
557 3728 670 3780 quorum
689 3712 799 3766 oonsilio
820 3712 858 3779 Sp
889 3714 898 3781 ΗΗ
930 3712 1118 3765 commentario
1132 3712 1267 3779 superiore
1282 3712 1318 3782 Sp
1350 3714 1359 3776 ΗΗ
1392 3714 1406 3764 7

339 3800 401 3853 belli
419 3804 542 3854 exortum
565 3817 624 3854 esse
643 3820 666 3853 π
701 3802 711 3869 ΗΗ
746 3802 904 3856 Banimum
927 3801 1082 3854 aduertebat
1108 3801 1144 3867 Sp
1179 3805 1187 3868 ΗΗ
1224 3801 1354 3855 Ctimore
1379 3820 1407 3867 ας

339 3892 413 3941 metu
433 3890 470 3955 Sp
502 3891 510 3958 ΗΗ
542 3890 567 3944 9.
588 3891 621 3945 10
640 3889 702 3943 belli
721 3890 907 3943 concitatorem
929 3890 966 3956 Sp
997 3890 1005 3959 ΗΗ
1039 3890 1072 3944 10
1092 3889 1233 3943 Cotuatum
1246 3888 1340 3957 Frip.3
1360 3907 1407 3959 gu·

335 3980 470 4031 truatrum
489 3977 527 4044 A;
546 3981 699 4047 gutuatrum
719 3997 748 4044 ας
769 3980 1084 4047 (m.)gutrruar(r)11mp
1115 3977 1124 4045 ΗΗ
1159 3978 1312 4047 depoposcit
1326 3979 1386 4033 ΒΜ
1400 3977 1409 4051 ΗΗ

341 4069 372 4119 ll
393 4067 448 4120 suis
466 4067 595 4135 0712.de
626 4068 635 4135 ΗΗ
668 4069 700 4121 13
720 4067 849 4136 supplicio
871 4068 908 4135 Sp
943 4070 952 4138 ΗΗ
990 4068 1031 4120 13.
1053 4069 1087 4119 14
1105 4083 1195 4121 caesar
1218 4071 1310 4123 contra
1332 4084 1410 4123 snam

339 4159 458 4209 naturam
479 4171 610 4209 concursu
633 4157 748 4210 maximo
772 4156 887 4211 militum
907 4176 924 4209 a
966 4157 974 4225 ΗΗ
1017 4158 1051 4209 14
1074 4157 1097 4210 ei
1121 4174 1173 4211 om.
1193 4157 1253 4211 ΒΜ
1291 4158 1299 4228 ΗΗ
1342 4160 1411 4213 lea

335 4244 497 4313 gut(t)1uato
515 4245 556 4312 X;
575 4262 627 4297 om.
649 4245 682 4313 ὃς
701 4246 751 4299 del.
775 4246 842 4299 Oud.
