3134 4859
532 321 640 375 LIBER
656 321 719 375 1111.
740 320 816 374 CAP.
838 323 954 375 15-17.
1233 308 1274 368 85

209 484 271 547 sibi
299 482 369 568 <ad>
392 485 549 547 auxilium
564 503 718 567 spemque
734 484 851 565 reliqui
867 485 1018 566 temporis
1034 485 1108 547 satis
1123 484 1276 547 futurum.

207 598 331 654 tantum
354 609 424 655 esse
446 610 564 680 nomen
588 596 684 672 atque
708 592 891 674 opinionem
915 593 984 655 eius
1008 592 1167 654 exercitus
1183 592 1303 657 Ario-r

206 700 289 762 visto
312 699 405 782 pulso
428 704 460 762 et
482 699 543 761 hoc
565 699 740 761 novissimo
763 698 885 780 proelio
913 698 995 761 facto
1020 700 1115 761 etiam
1139 699 1179 761 ad
1201 698 1276 760 ulti-

164 830 191 871 25
205 825 274 868 mas
299 804 532 868 Germanorum
546 807 707 888 nationeS,
731 806 778 868 uti
798 806 946 887 opinione
966 810 998 868 et
1013 806 1151 867 amicitia
1166 805 1275 888 populi

205 911 342 975 Romani
370 914 430 975 tuti
458 932 528 976 esse
555 919 693 995 possent.
745 913 875 975 navium
904 932 1053 995 magnam
1081 913 1204 995 copiam
1236 912 1303 977 ads

177 1020 487 1103 rtransportaudum
520 1020 697 1083 exercitum
724 1019 965 1102 pollicebantur.
1017 1018 1132 1083 Caesar
1160 1019 1209 1082 bis
1237 1018 1276 1081 de
1294 1036 1328 1089 17

205 1128 323 1207 causis,
348 1146 428 1208 quas
450 1128 712 1209 commemoravi,
735 1127 885 1189 Rhenum
914 1128 1048 1189 transire
1078 1126 1274 1205 decreverat,

205 1234 263 1296 sed
285 1232 423 1296 navibus
446 1235 582 1297 transire
606 1253 711 1314 neque
735 1236 811 1297 satis
835 1238 940 1296 tutum
968 1252 1037 1297 csse
1065 1231 1277 1296 arbitrabatur

204 1359 311 1422 neque
335 1360 412 1404 suae
435 1360 541 1422 neque
563 1341 672 1423 populi
688 1341 827 1404 Romani
843 1341 1007 1423 dignitatis
1024 1358 1093 1403 esse
1110 1340 1274 1403 statuebat.

177 1449 328 1530 sitaque,
351 1449 410 1510 etsi
433 1467 559 1511 summa
582 1447 751 1511 difficultas
766 1448 904 1511 faciendi
919 1450 1025 1531 pontis
1040 1447 1276 1531 proponebatur
1290 1470 1304 1511 2

205 1560 335 1637 propter
356 1555 573 1635 latitudinem,
600 1555 801 1638 rapiditatem
830 1554 1095 1637 altitudinemque
1123 1554 1275 1637 fluminiS,

205 1669 312 1725 tamen
335 1662 368 1724 id
391 1661 453 1725 sibi
477 1662 735 1725 contendendum
759 1667 815 1725 aut
838 1662 929 1725 aliter
952 1681 1018 1724 non
1041 1662 1274 1725 traducendum

205 1770 384 1831 exercitum
416 1768 626 1832 existimabat
681 1771 839 1833 rationem
876 1770 982 1851 pontis
1014 1770 1096 1831 hanc
1128 1769 1303 1834 instituite

204 1876 294 1958 tigna
325 1875 402 1938 bina
429 1875 663 1958 sesquipedalia
693 1877 826 1959 paulum
858 1875 897 1938 ab
930 1878 994 1938 imo
1026 1881 1197 1959 praeacuta
1229 1875 1275 1938 di-

164 2001 318 2045 romense
340 1983 380 2045 ad
403 1983 606 2045 altitudinem
628 1982 771 2046 fluminis
794 1984 962 2047 intervallo
991 1982 1108 2065 pedum
1137 1984 1274 2045 duorum

204 2092 289 2153 inter
312 2108 346 2153 se
369 2088 530 2173 iungebat
577 2090 655 2153 haec
677 2110 750 2153 curn
770 2090 1060 2153 machinationibus
1076 2091 1219 2153 immissa
1240 2092 1303 2153 ina

204 2196 326 2260 flumen
350 2195 505 2260 defixerat
527 2196 721 2279 festtrcisque
745 2197 906 2280 adegerat,
930 2216 995 2260 non
1019 2196 1158 2260 sublicae
1179 2197 1274 2259 modo
1358 2277 1362 2284 ¹

205 2303 331 2367 derecte
363 2303 403 2365 ad
434 2303 710 2386 perpendiculum,
747 2305 804 2367 sed
838 2322 938 2387 prone
976 2323 1012 2367 ac
1044 2302 1202 2387 fastigato,
1239 2309 1276 2365 ut

204 2411 383 2473 secundum
406 2416 555 2473 naturam
577 2410 720 2474 fluminis
742 2410 1001 2494 procumberent,
1029 2413 1068 2475 iis
1096 2413 1173 2475 item
1200 2430 1302 2475 con-5

164 2538 190 2579 15
205 2518 301 2579 traria
330 2518 394 2581 duo
422 2518 463 2580 ad
490 2517 628 2582 eundem
655 2519 788 2581 modum
816 2518 924 2581 iuncta
955 2519 1123 2583 intervallo
1156 2520 1274 2601 pedum

205 2626 447 2707 quadragenum
480 2625 519 2687 ab
551 2626 701 2689 inferiore
729 2631 818 2708 parte
852 2631 963 2688 contra
995 2627 1059 2687 vim
1092 2632 1187 2707 atque
1216 2627 1274 2689 im-

205 2737 315 2814 petum
339 2731 481 2794 fluminis
504 2751 658 2795 conversa
680 2732 845 2795 statuebat.
891 2733 968 2795 haec
991 2739 1127 2813 utraque
1143 2734 1302 2815 insupera

204 2837 407 2921 bipedalibus
430 2838 573 2901 trabibus
596 2839 759 2919 immissis,
789 2845 945 2920 quantum
974 2858 1086 2902 eorum
1113 2841 1273 2921 tignorum

204 2946 355 3007 itmcttua
377 2944 526 3026 distabat,
549 2944 633 3008 binis
655 2948 817 3027 utrimque
839 2945 948 3009 fibulis
972 2946 1011 3009 ab
1028 2952 1172 3009 extrema
1186 2952 1274 3029 parte

165 3070 193 3112 20
208 3050 455 3132 distinebantur,
480 3052 598 3135 quibus
621 3052 769 3115 disc-lusis
785 3057 880 3135 atque
896 3054 930 3114 in
947 3054 1136 3115 contrariam
1152 3059 1301 3137 partemr

204 3159 358 3221 revinctis
381 3163 469 3221 tanta
491 3164 559 3222 erat
582 3160 686 3241 operis
708 3158 870 3222 firmitudo
895 3165 990 3241 atque
1018 3179 1056 3223 ea
1082 3180 1190 3223 rerum
1217 3180 1274 3223 na-

205 3271 289 3346 tura,
313 3270 361 3347 ut,
386 3284 449 3346 quo
472 3268 574 3329 maior
597 3268 645 3328 vis
669 3284 769 3347 aquae
792 3286 826 3330 se
849 3266 1058 3348 incitavisset,
1087 3267 1146 3330 hoc
1174 3269 1274 3332 artius

203 3373 336 3455 inligata
368 3376 560 3435 tenerentur.
615 3374 694 3436 haec
729 3373 855 3436 derecta
886 3375 1020 3437 materia
1050 3375 1167 3438 iniecta
1199 3394 1301 3441 con-s

205 3619 207 3624 '
294 3622 328 3673 22
346 3622 381 3675 ad
399 3622 461 3674 add.
481 3621 543 3674 Alc.
581 3622 590 3689 Η
627 3623 661 3675 23
679 3638 776 3675 nomen
796 3640 826 3689 u3
850 3638 946 3675 nomeu
965 3624 1036 3691 apud
1054 3630 1135 3690 eospl
1171 3626 1179 3692 ΗΗ
1216 3624 1274 3678 eius

204 3710 338 3763 exercitus
356 3728 387 3777 ας
407 3710 540 3764 exercitus
558 3712 694 3777 roruanipt
725 3715 733 3780 ΗΗ
766 3712 808 3764 23.
829 3711 864 3763 24
882 3711 1014 3765 ariouixto
1034 3732 1051 3763 u
1084 3714 1093 3781 ΗΗ
1130 3714 1163 3767 25
1183 3716 1213 3767 ut
1230 3721 1247 3781 β
1266 3713 1274 3785 ΗΗ

204 3799 327 3867 opinione
345 3799 476 3853 amicitiae
493 3800 582 3853 Bentl.
615 3802 623 3869 Η
656 3801 690 3855 26
709 3803 817 3869 possent
841 3800 955 3868 Wbc'ttc;
974 3802 1078 3869 possint
1094 3802 1125 3855 X

293 3891 338 3943 17.
358 3890 376 3942 3
394 3890 506 3942 transire
525 3906 554 3943 se
572 3898 694 3959 neqnep
729 3892 738 3959 ΗΗ
774 3889 986 3958 assideamus,
1010 3891 1162 3958 faciundip
1198 3893 1206 3960 ΗΗ
1241 3893 1274 3944 12

204 3977 348 4044 fluminea
379 3980 388 4048 ΗΗ
419 3979 582 4047 festucisque
601 3979 670 4047 HM,
693 3980 848 4049 fistucisque
869 3998 898 4045 ας
922 3980 1149 4048 festuculisquess
1190 3984 1197 4049 ΗΗ
1240 3982 1274 4033 14

204 4067 236 4119 iis
254 4067 365 4135 A(Q.2);
383 4069 426 4122 his
445 4076 485 4137 φβ
516 4069 525 4136 ΗΗ
558 4070 591 4122 15
611 4070 674 4137 duo]
693 4069 755 4123 bina
778 4070 869 4123 Glorlr.
903 4070 911 4137 ΗΗ
943 4070 1032 4123 iuncta
1051 4088 1081 4137 “3
1101 4070 1247 4137 diiunctass
1265 4069 1274 4140 ΗΗ

206 4156 239 4210 16
259 4155 361 4224 .XL.ss
392 4159 400 4226 Η
433 4158 468 4212 20
486 4158 681 4211 distinebantur
697 4158 737 4225 X;
757 4158 958 4212 destinabantur·
977 4158 1004 4211 a
1033 4160 1041 4227 ΗΗ
1079 4159 1113 4212 23
1132 4158 1213 4227 ligata
1230 4165 1247 4225 β
1266 4157 1273 4227 ΗΗ

204 4247 313 4299 materie
331 4254 348 4313 β
379 4248 387 4314 ΗΗ
420 4247 462 4300 23.
482 4247 517 4300 24
535 4247 742 4316 contegebantur
761 4246 823 4299 HM
