3134 4859
512 326 622 410 arena
639 326 689 381 ru.
709 326 786 382 our.
806 328 887 382 7-9.
1192 307 1233 377 '63

164 482 267 575 quam'
284 491 505 555 Romanorum
527 491 714 554 servitutem
736 490 875 573 perferre
898 491 1018 554 malint.
1069 486 1158 554 omui
1180 512 1262 559 oras

162 599 324 661 maritima
335 597 481 663 celeriter
496 598 537 661 ad
552 616 643 661 suam
659 598 850 661 sententiam
865 596 1019 680 perducta
1034 617 1234 662 communem

162 706 356 790 legationem
389 704 430 768 ad
452 703 488 767 P.
514 702 664 767 Crassum
695 706 840 785 mittunt,
873 705 900 767 si
932 705 1010 768 velit
1041 724 1118 769 suos
1144 725 1235 770 recu-

133 802 284 896 1perare,
308 811 435 876 obsides
460 810 521 875 sibi
543 798 700 874 remittat.
739 808 864 887 Quibus
891 810 931 875 de
958 807 1055 875 rebus
1079 811 1271 882 Caesar-ao

122 905 124 909 ’
163 918 275 983 Crasso
300 918 417 1007 certior
438 918 549 1000 faetus,
574 917 658 1001 quod
682 917 750 1001 ipse
774 917 884 981 aberat
906 918 1043 1001 longius,
1066 937 1165 982 naves
1187 920 1234 982 in-

162 1028 257 1089 terim
280 1026 392 1108 longas
416 1024 575 1088 aedificari
597 1026 632 1087 in
654 1023 788 1087 flumine
811 1022 932 1108 Ligeri,
962 1026 1049 1107 qnod
1071 1024 1179 1088 influit
1200 1026 1233 1087 in

165 1132 341 1214 Oceanum,
363 1133 499 1215 remiges
523 1150 565 1195 ex
587 1132 752 1214 provincia
774 1132 913 1215 institui,
939 1137 1053 1195 nautas
1076 1133 1234 1215 guberna-

136 1246 313 1321 atoresque
335 1238 510 1321 comparari
531 1238 627 1301 iubet.
653 1237 703 1301 his
725 1238 824 1301 rebus
839 1239 984 1302 celeriter
1006 1239 1261 1303 administratisa

164 1346 251 1427 ipse,
269 1364 341 1408 cum
364 1346 503 1428 primum
526 1346 684 1427 perenni
707 1350 835 1429 tempus
857 1346 974 1428 potuit,
997 1346 1038 1408 ad
1056 1347 1234 1410 exercitum

165 1450 333 1515 contendit.
378 1451 496 1515 Veneti
518 1452 726 1535 reliquaeque
748 1453 827 1515 item
850 1454 993 1517 civitates
1013 1454 1140 1536 cognito
1156 1452 1261 1517 Cae-a

164 1560 243 1621 saris
266 1557 406 1622 adventu
431 1558 593 1642 [certiores
613 1558 714 1643 factil,
738 1559 834 1623 simul
859 1559 945 1641 quod
961 1564 1118 1641 quantum
1140 1560 1176 1623 in
1199 1580 1234 1624 se

161 1666 285 1728 facinus
302 1665 506 1729 admisissent
528 1665 769 1749 intellegebant,
792 1660 926 1749 legatoS,
951 1666 1037 1749 quod
1051 1686 1171 1731 nomen
1193 1667 1233 1730 ad

120 1796 148 1837 10
163 1791 273 1835 omnes
295 1774 442 1837 nationes
458 1778 605 1837 sanctum
627 1772 881 1855 inviolatumque
896 1791 1022 1857 semper
1042 1774 1163 1855 fuisset,
1185 1792 1234 1837 re·

162 1883 265 1943 tentos
289 1878 327 1941 ab
352 1898 385 1943 se
402 1884 433 1942 et
456 1880 488 1941 iu
505 1879 636 1942 muccla
651 1881 820 1961 coniectos,
842 1898 900 1962 pro
916 1880 1136 1963 magnitudine
1152 1881 1234 1963 peri-

162 1984 227 2048 culi
249 1984 371 2049 bellum
394 2004 505 2069 parare
528 1990 559 2048 et
583 1987 722 2049 maxime
746 2004 795 2067 ea,
821 2004 902 2067 quae
925 1986 966 2049 ad
989 2006 1084 2049 usum
1102 1986 1234 2049 navium

161 2093 333 2176 pertinent,
349 2092 518 2175 providere
534 2093 716 2175 instituunt,
739 2093 800 2155 boc
816 2094 934 2157 maiore
958 2112 1027 2177 spe,
1049 2093 1136 2176 quod
1150 2094 1233 2155 mul-

162 2204 231 2262 tum
251 2204 368 2262 natura
389 2199 453 2262 loci
469 2198 679 2263 confidebant.
726 2200 885 2284 pedestria
908 2219 978 2263 esse
993 2200 1111 2264 itinera
1126 2200 1260 2264 conci-4

121 2330 148 2371 ra
162 2326 197 2370 sa
212 2306 393 2388 aestuariis,
416 2306 655 2389 navigationem
677 2306 865 2390 impeditam
886 2312 1016 2390 propter
1032 2308 1232 2370 inscientiam

161 2413 306 2476 locorum
332 2405 588 2495 paucitatemque
615 2418 767 2496 portuum
791 2412 946 2494 sciebant,
975 2411 1081 2497 neque
1107 2419 1260 2479 nostross

163 2520 322 2583 exercitus
345 2524 473 2603 propter
494 2520 648 2583 frumeuti
667 2521 808 2602 inopiam
825 2520 948 2583 diutius
963 2521 1049 2603 apud
1064 2540 1098 2584 se
1114 2522 1233 2584 morari

161 2644 254 2709 posse
264 2625 479 2706 confidebant3
497 2646 534 2690 ac
549 2620 612 2690 iam
630 2631 667 2690 ut
676 2628 783 2690 omnia
792 2632 905 2692 contra
914 2628 1098 2710 opinionem
1108 2628 1232 2691 accida·
1245 2651 1259 2692 a

160 2737 242 2814 rent,
265 2738 372 2796 tamen
396 2752 430 2798 se
452 2734 628 2817 plurimum
644 2734 782 2797 naribus
798 2752 903 2818 posse,
927 2732 1048 2817 [quam]
1072 2734 1233 2797 Romanos

120 2862 148 2904 ao
162 2857 267 2920 neque
282 2840 382 2903 ullam
401 2834 585 2904 facultatem
601 2839 717 2904 habere
733 2842 880 2920 navium,
900 2859 1006 2924 neque
1022 2860 1133 2904 eorum
1148 2841 1233 2903 loco-

161 2966 246 3030 rum,
279 2940 335 3009 nbi
367 2947 489 3011 bellum
520 2948 640 3031 gesturi
672 2953 792 3029 essent,
824 2946 920 3030 rada,
952 2953 1076 3031 portus,
1111 2948 1232 3011 insulam

161 3054 302 3133 novisse3
336 3073 374 3117 ac
404 3054 499 3137 longe
532 3054 627 3117 aliam
659 3072 728 3117 esse
755 3055 992 3137 navigationem
1019 3055 1053 3116 in
1081 3053 1259 3122 conclusor

161 3162 243 3223 mari
269 3165 365 3243 atque
393 3143 428 3223 in
455 3162 636 3224 vastissimo
665 3168 761 3243 atque
789 3162 986 3243 apertissimo
1011 3160 1138 3225 Oceano
1161 3180 1231 3245 per-

161 3266 345 3349 spiciebant.
391 3267 442 3331 his
466 3269 554 3331 initis
578 3268 720 3332 consiliis
744 3267 860 3351 oppida
882 3267 1046 3350 muniunt,
1072 3269 1258 3335 frumeutaa

251 3534 283 3587 17
303 3532 414 3587 mallent
433 3553 450 3584 α
486 3534 495 3603 11
531 3534 573 3587 19.
594 3533 628 3588 20
651 3549 808 3603 recuperare
825 3540 854 3601 β;
882 3532 1001 3601 recipere
1020 3552 1038 3584 a
1078 3532 1087 3601 11
1128 3533 1163 3588 20
1181 3532 1231 3587 sibi

162 3628 251 3689 oriali
516 3674 518 3677 ,
662 3630 664 3634 “

248 3712 276 3766 9.
298 3712 311 3763 1
332 3710 365 3765 ab
385 3731 402 3763 a
439 3712 447 3781 11
484 3711 594 3780 3ligeri
612 3710 686 3779 B²fl3
713 3711 795 3780 ligere
814 3730 832 3763 a
873 3712 882 3780 11
922 3710 1029 3765 ialin
1048 3726 1176 3765 oceanum
1200 3729 1230 3778 α;

47 3834 49 3837 -
161 3807 325 3867 oceanumss
356 3801 364 3869 11
396 3800 582 3868 tinstituite
613 3806 621 3869 11
653 3802 810 3857 sscertiores
824 3800 886 3854 iacti
903 3799 944 3867 X3
963 3801 1013 3853 dal.
1028 3800 1067 3852 ed.
1081 3799 1203 3853 Floreat.
1223 3799 1231 3869 11

160 3888 229 3942 aad
248 3908 278 3957 ας
302 3890 408 3959 apudfl
443 3889 453 3959 11
491 3892 522 3943 11
542 3890 650 3944 uincula
673 3890 757 3958 Anl¹3
781 3889 868 3944 uincla
890 3888 982 3959 ‹lezl²
1017 3890 1026 3958 11
1065 3890 1096 3941 17
1116 3888 1232 3957 inopiam

161 3976 322 4047 frumentii?
353 3979 361 4047 11
394 3978 436 4033 18.
458 3980 490 4033 19
510 3980 659 4034 acciderent
682 3979 747 4046 Qa²;
766 3980 923 4033 accederent
935 3986 964 4045 β;
987 3977 1138 4031 acciderant
1155 3976 1204 4047 φΑ
1222 3976 1231 4047 11

161 4066 195 4121 19
210 4083 290 4136 quam
303 4067 342 4135 X;
361 4068 411 4123 del.
430 4068 495 4122 ert]
527 4069 535 4137 11
568 4069 602 4122 22
620 4076 734 4135 ηοεεθβ
765 4071 773 4138 11
806 4068 841 4121 23
859 4068 926 4121 mari
945 4085 975 4134 ας
994 4066 1147 4121 castissimo
1165 4066 1231 4119 mari

161 4173 183 4207 π
215 4156 224 4224 11
255 4156 407 4211 uastissima
426 4159 506 4227 atque
525 4166 609 4225 emp
645 4159 653 4228 11
689 4161 769 4227 atque
788 4157 955 4225 apertissimo
974 4172 1063 4224 cmg
1094 4157 1103 4224 11
1135 4154 1177 4208 23.
1197 4154 1232 4206 24

160 4244 356 4313 perspiciebant
375 4264 405 4313 a;
423 4247 600 4316 respiciebant
617 4254 635 4314 β
