3134 4859
526 314 634 368 mnus
651 315 712 369 vn.
733 314 808 369 unp.
830 316 946 367 14-17.
1206 300 1269 362 169

197 478 383 561 imperabat.
430 497 541 541 omnes
563 484 689 542 nostras
703 476 926 560 pabulationes
940 478 1269 560 frumentationesque
1283 503 1301 543 s

198 584 390 649 observabat
413 587 649 669 dispersosque,
672 604 746 648 cum
769 585 899 667 longius
922 585 1101 649 necessario
1120 584 1270 667 procede·

196 697 285 774 rent,
318 692 522 757 adoriebatur
553 710 734 775 magnoque
765 692 970 755 incommodo
999 690 1176 772 adficiebat,
1210 692 1269 755 etsi

197 805 358 881 quantum
379 800 502 863 ratione
528 799 690 881 provideri
713 803 848 881 poterat,
876 799 1055 861 abnostris
1083 797 1270 861 occurreba-

150 931 181 973 1o
196 911 265 988 tur,
294 912 330 969 ut
352 907 483 971 incertis
510 905 706 989 temporibus
735 906 934 988 diversisque
962 904 1133 968 itineribus
1160 906 1268 969 iretur.

166 1040 180 1079 1
290 1011 408 1077 Castris
436 1013 474 1075 ad
504 1032 573 1075 eam
600 1018 722 1095 partem
750 1012 858 1096 oppidi
886 1013 996 1095 positis
1026 1009 1154 1092 Caesar,
1187 1030 1269 1093 quae
1288 1028 1326 1081 ιτ

198 1120 382 1183 intermissa
405 1118 446 1203 [a]
469 1119 603 1183 flumine
619 1126 650 1183 et
665 1120 779 1202 palude
797 1120 930 1199 aditum,
954 1124 990 1182 ut
1007 1118 1269 1202 supradiximus,

199 1232 372 1310 angustum
387 1225 536 1308 habebat,
560 1245 707 1310 aggerem
722 1245 887 1309 apparare,
910 1226 1020 1289 vineas
1036 1244 1142 1309 agere,
1165 1230 1270 1289 turres

199 1335 281 1396 duas
314 1335 505 1397 constituere
538 1334 656 1416 coepit3
689 1353 764 1396 nam
793 1333 1034 1397 circumvallare
1066 1333 1128 1395 loci
1157 1337 1270 1395 natura
1310 1313 1313 1320 ¹

167 1439 394 1523 sprohibebat.
440 1440 480 1503 de
502 1459 537 1503 re
559 1440 769 1503 frumentaria
790 1440 888 1503 Boios
915 1445 1011 1522 atque
1034 1438 1187 1503 Haeduos
1216 1439 1301 1503 ada

197 1548 321 1609 hortari
342 1567 407 1610 non
426 1547 557 1627 destitit;
583 1566 721 1629 quorum
736 1547 843 1629 alleri,
868 1547 953 1629 quod
970 1547 1059 1610 nullo
1076 1546 1180 1611 studio
1197 1566 1270 1629 age·

197 1654 290 1735 bant,
313 1673 380 1717 non
403 1654 541 1718 multum
565 1654 772 1735 adiuvabant,
796 1654 886 1717 alteri
909 1674 975 1717 non
999 1655 1123 1737 magnis
1139 1654 1270 1717 faculta-

198 1760 300 1841 tibus,
324 1760 410 1842 quod
433 1762 544 1824 civitas
568 1766 636 1824 erat
659 1762 777 1844 exigua
801 1766 832 1825 et
850 1760 988 1841 infirma,
1012 1760 1159 1824 celeriter
1183 1760 1269 1843 quod

198 1867 382 1931 habuerunt
404 1874 678 1950 consumpserunt.
725 1887 851 1931 summa
867 1866 1052 1931 difficultate
1067 1868 1113 1929 rei
1128 1867 1301 1930 frumen-e

152 1997 184 2038 1o
198 1975 298 2038 tariae
315 1975 437 2039 adfecto
453 1976 595 2039 exercitu
611 1976 764 2039 tenuitate
780 1973 947 2055 Boiorum,
970 1974 1169 2057 indiligentia
1184 1972 1269 2039 Hae-

199 2083 352 2163 duorum,
373 2080 531 2145 incendiis
554 2080 786 2163 aedificiorum,
815 2099 917 2164 usque
946 2100 997 2159 eo,
1025 2086 1062 2144 ut
1089 2081 1270 2164 complures
1307 2064 1309 2069 ¹

200 2189 268 2251 dies
291 2189 451 2252 frumento
474 2189 593 2253 milites
616 2190 778 2252 caruerint
805 2194 837 2253 et
859 2207 972 2271 pecore
999 2208 1041 2251 ex
1064 2188 1270 2270 longinquio-

199 2294 290 2359 ribus
322 2296 403 2359 riois
435 2295 546 2359 adacto
579 2301 755 2359 extremam
787 2296 903 2359 famem
931 2296 1152 2377 sustentariut,
1180 2296 1271 2359 nulla

199 2407 308 2465 tamen
331 2422 396 2465 vox
418 2407 466 2466 est
492 2402 596 2465 abiis
619 2402 728 2465 audita
753 2402 865 2485 populi
887 2402 1024 2465 Romani
1046 2402 1210 2467 maiestate
1239 2407 1270 2465 et

154 2530 186 2571 15
199 2507 419 2592 superioribus
441 2510 584 2572 victoriis
606 2509 748 2592 indigna.
788 2510 867 2592 quin
892 2511 987 2573 etiam
1006 2508 1123 2573 Caesar
1145 2529 1219 2573 cum
1235 2511 1301 2572 ina

201 2634 295 2697 opere
318 2616 459 2698 singulas
481 2616 625 2699 legiones
648 2616 821 2699 appellaret
843 2621 887 2699 et,
911 2618 938 2679 si
961 2616 1106 2679 acerbius
1128 2617 1269 2699 inopiam

200 2722 333 2804 ferrent,
365 2742 400 2785 se
428 2723 635 2787 dimissurum
662 2724 933 2806 oppugnationem
961 2723 1093 2804 diceret,
1127 2725 1270 2786 universi

201 2828 240 2891 ab
264 2848 301 2893 eo
324 2849 367 2893 ne
389 2829 423 2891 id
445 2830 562 2893 faceret
583 2830 745 2913 petebant:
771 2831 817 2894 sio
841 2850 874 2895 se
891 2830 1069 2913 complures
1093 2830 1301 2893 annosier

200 2938 377 3019 imperante
407 2938 576 3019 meruisse,
613 2942 649 3001 ut
680 2937 804 3000 nullam
837 2937 1047 3020 ignominiam
1080 2937 1269 3020 acciperent,

158 3061 188 3104 ao
200 3063 377 3125 numquam
399 3045 517 3108 infecta
539 3064 573 3108 re
598 3044 810 3124 discederent3
836 3045 895 3107 hoo
919 3062 952 3107 se
968 3044 1165 3124 ignominiae
1187 3043 1301 3107 latu-e

200 3169 252 3213 ros
277 3150 362 3232 loco,
393 3151 422 3213 si
448 3153 608 3234 inceptam
636 3152 907 3235 oppugnationem
934 3151 1149 3234 reliquissent;
1179 3170 1269 3233 prae·
1283 3172 1300 3215 t·

200 3262 283 3320 stare
307 3276 417 3320 omnes
439 3259 578 3340 perferre
598 3258 798 3339 acerbitates7
822 3278 917 3340 quam
933 3278 998 3321 non
1014 3257 1139 3321 civibus
1154 3257 1270 3321 Roma-

201 3365 263 3447 nis,
289 3366 345 3446 qui
368 3362 488 3427 Cenabi
506 3364 641 3447 perfidia
658 3365 821 3428 Gallorum
838 3366 1035 3448 interissent,
1059 3370 1269 3448 parentarent.

200 3471 278 3534 haeo
302 3470 413 3534 eadem
437 3471 678 3535 centurionibus
694 3473 896 3555 tribunisque
912 3472 1051 3535 militum
1067 3470 1301 3553 mandabant‚s

290 3775 334 3828 17.
355 3775 368 3825 1
391 3772 487 3826 Caesar
505 3773 598 3827 castris
697 3774 803 3841 positis,
828 3791 895 3843 quae
919 3774 980 3827 HM
1016 3775 1025 3842 ll
1067 3774 1135 3843 211]
1159 3773 1270 3827 flumine

200 3860 262 3913 HM
290 3862 300 3929 ll
331 3864 358 3914 et
376 3878 392 3915 a
410 3861 552 3930 paludibus
572 3882 589 3913 α
622 3864 630 3931 ll
662 3863 800 3916 bdestitit
815 3863 933 3929 SA²M²;
953 3863 1047 3917 distitit
1060 3882 1090 3929 u3
1109 3862 1242 3930 desistite
1262 3861 1273 3933 ll

202 3951 304 4016 12111
334 3952 343 4019 l
376 3951 410 4004 13
429 3952 604 4005 sustentarint
627 3951 744 4019 Wbitte3
766 3955 947 4005 sustentarent
966 3952 992 4005 Χ
1028 3953 1036 4021 ll
1075 3954 1108 4004 14
1126 3955 1216 4006 tamen
1235 3968 1270 4005 ex

199 4038 233 4092 iis
250 4055 304 4093 uox
327 4042 369 4093 est
391 4041 516 4108 auditass
552 4042 560 4109 ll
599 4042 630 4095 16
650 4041 768 4109 singulos
792 4040 947 4111 legionarios
971 4042 1068 4110 Pluyp.
1106 4043 1114 4110 [Ι
1152 4041 1186 4096 20
1205 4057 1272 4095 nus·

200 4145 280 4197 quam
300 4148 317 4180 u
354 4130 363 4198 ll
399 4129 549 4198 inceptare
569 4149 586 4180 c
623 4131 631 4199 ll
668 4131 710 4185 20.
731 4131 763 4183 21
784 4130 841 4184 loco
860 4129 995 4197 laturosfl
1031 4133 1039 4200 ll
1077 4132 1118 4183 21.
1140 4131 1174 4183 22
1193 4146 1269 4198 prae-

200 4221 283 4271 staret
302 4237 320 4268 u
352 4218 361 4287 ΙΙ
393 4218 427 4271 23
446 4219 540 4287 genabi
560 4237 590 4286 α;
609 4220 739 4289 genauifl
770 4220 778 4287 ll
811 4223 950 4288 parentare
973 4219 1062 4273 Oinoe.
