3134 4859
490 1068 527 1133 O.
550 1068 671 1134 IULII
694 1066 919 1133 CAESARIS

427 1212 637 1288 BELLI
678 1212 975 1289 GALLIOI

568 1370 838 1425 manaremus.

259 1552 361 1616 Gallia
379 1558 428 1617 est
447 1553 550 1615 omnis
570 1553 672 1615 divisa
695 1555 731 1615 in
748 1558 854 1635 partes
877 1559 955 1630 tres3
981 1571 1117 1633 quarum
1140 1570 1238 1613 unam
1257 1558 1273 1609 1

167 1660 313 1723 incolunt
345 1658 475 1742 Belgae,
513 1660 607 1721 aliam
640 1660 810 1740 Aquitani,
847 1661 973 1722 tertiam
1008 1660 1063 1740 qui
1095 1660 1238 1741 ipsorum

167 1766 278 1849 lingua
301 1766 419 1847 Celtae,
442 1772 552 1830 nostra
571 1766 655 1830 Galli
678 1766 885 1849 appellantur.
927 1766 960 1829 hi
984 1786 1095 1829 omnes
1117 1766 1265 1849 linguar

167 1875 333 1956 institutis,
357 1874 481 1956 legibus
504 1874 589 1937 inter
612 1892 646 1936 se
670 1874 828 1937 differunt.
872 1873 980 1936 Gallos
1003 1875 1041 1936 ab
1067 1874 1238 1955 Aquitanis

139 1980 332 2045 aGarumna
359 1978 493 2061 flumen,
527 1999 545 2041 a
572 1979 681 2062 Belgis
709 1978 856 2042 Matrona
883 1985 915 2043 et
938 1979 1088 2061 Sequana
1115 1980 1237 2042 dividit

167 2088 282 2150 horum
311 2088 455 2149 omnium
477 2086 642 2150 fortissimi
665 2092 740 2149 sunt
762 2086 895 2169 Belgae,
921 2092 1088 2169 propterea
1111 2086 1197 2167 quod
1220 2106 1265 2147 aa

168 2196 257 2257 cultu
284 2200 379 2275 atque
404 2194 601 2256 humanitate
624 2194 809 2276 provinciae
832 2193 1017 2275 longissime
1041 2192 1158 2255 absunt
1179 2193 1238 2255 mi·

168 2303 317 2384 nimeque
351 2302 391 2365 ad
423 2320 477 2365 eos
505 2306 697 2365 mercatores
730 2318 823 2383 saepe
856 2306 1036 2363 commeant
1067 2306 1163 2382 atque
1191 2319 1238 2381 ea,
1355 2311 1359 2318 '

170 2428 250 2489 quae
274 2409 314 2471 ad
338 2408 566 2471 effeminandos
590 2408 713 2471 animos
736 2408 907 2490 pertinent,
935 2408 1108 2489 important
1129 2408 1266 2490 proxi-4

129 2533 156 2574 10
169 2516 276 2596 mique
304 2521 379 2578 sunt
403 2514 582 2596 Germanis,
612 2516 669 2596 qui
696 2519 783 2577 trans
807 2514 957 2577 Rhenum
984 2515 1140 2598 incolunt,
1169 2516 1238 2596 qui-

169 2620 303 2685 buscum
331 2622 532 2684 continenter
560 2621 680 2684 bellum
707 2627 831 2703 gerunt.
866 2612 943 2702 ‘lpua
970 2622 1009 2684 de
1038 2641 1135 2686 causa
1161 2616 1238 2687 Hel-

169 2729 245 2791 vetii
264 2748 391 2810 quoque
410 2728 552 2809 reliquos
571 2728 679 2791 Gallos
698 2713 821 2791 virtute
824 2707 1041 2811 praecedunt,
1066 2730 1152 2810 quod
1172 2730 1238 2792 fere

169 2836 336 2898 cotidianis
368 2835 496 2918 proeliis
530 2854 603 2897 curn
636 2836 803 2899 Germanis
835 2837 1046 2916 contendunt,
1079 2854 1153 2897 oum
1185 2840 1239 2897 aut

169 2943 234 3005 suis
271 2941 391 3005 finibus
426 2961 480 3005 eos
518 2942 687 3025 prohibent
723 2947 778 3004 aut
814 2943 875 3024 ipsi
909 2943 942 3005 in
976 2962 1086 3005 eorum
1120 2941 1239 3004 finibus

5 3036 7 3105 l
129 3067 155 3108 15
168 3048 288 3111 bellum
316 3055 439 3132 gerunt.
487 3047 611 3132 [eorum
638 3068 812 3131 unapars,
841 3068 937 3129 quam
962 3048 1068 3110 Gallos
1096 3048 1267 3111 obtineres

170 3156 290 3218 dictum
314 3160 373 3236 est,
401 3157 531 3218 initium
558 3157 641 3237 capit
669 3175 688 3217 a
709 3154 842 3217 flumine
866 3154 1034 3236 Rhodan0,
1058 3156 1240 3219 continetur

170 3261 333 3325 Garumna
364 3261 510 3344 flumine,
549 3262 689 3343 Oceano,
730 3260 850 3323 finibus
885 3261 1072 3343 Belgarum,
1114 3262 1240 3343 attingit

169 3371 265 3431 etiam
293 3369 331 3432 ab
361 3368 518 3449 Sequanis
550 3374 581 3432 et
608 3368 766 3431 Helvetiis
794 3367 915 3431 flumen
942 3368 1104 3450 Rhenum,
1136 3369 1240 3451 vergit

170 3475 210 3537 ad
247 3476 487 3558 septentriones.
541 3475 659 3557 Belgae
697 3475 736 3537 ab
774 3477 926 3539 extremis
963 3463 1084 3539 Galliae
1120 3475 1267 3538 finibusa

130 3602 156 3644 ao
170 3584 329 3664 oriuntur,
358 3583 519 3665 pertinent
544 3582 584 3643 ad
607 3581 792 3645 inferiorem
815 3590 936 3666 partem
959 3582 1102 3645 fluminis
1125 3582 1238 3664 Rheni,

170 3695 313 3772 spectant
339 3690 373 3751 in
402 3690 648 3772 septentrionem
675 3694 708 3753 et
731 3690 887 3753 orientem
910 3690 1018 3753 solem.
1064 3690 1266 3771 Aquitaniae

259 3886 286 3937 1.
315 3886 331 3937 5
354 3899 482 3952 garumna
500 3901 533 3951 χ;
561 3899 680 3952 garunna
702 3890 742 3952 φβ
787 3882 796 3954 ll
842 3884 957 3937 15-24
985 3900 1076 3937 eorum
1104 3900 1156 3936 una
1178 3900 1239 3951 pars

232 3976 259 4025 at
273 3973 464 4041 septentriones
481 3972 530 4025 dal.
546 3972 653 4025 Becher
689 3971 697 4043 ll
736 3974 767 4025 17
788 3973 923 4026 Garumna
936 3972 1012 4037 Bere
1031 3989 1150 4041 garunna
1166 3973 1197 4025 X
1231 3971 1239 4042 ll

171 4062 212 4113 17.
229 4062 261 4115 18
281 4060 397 4128 Oceano,
415 4062 513 4115 finibus
527 4061 682 4130 Belgarum,
696 4062 801 4131 attingit
813 4063 893 4116 etiam
907 4062 982 4125 Alae
1001 4079 1129 4116 oceanum
1141 4062 1238 4115 finibus

170 4149 306 4219 belgarum
330 4151 442 4219 attingit.
462 4151 541 4205 etiam
559 4151 590 4204 X
632 4148 641 4222 ll
687 4151 719 4203 21
740 4155 860 4219 spectant
881 4152 952 4205 inter
969 4152 1078 4205 RSchn.
1125 4150 1134 4222 ll
1178 4166 1238 4219 sep-

169 4240 313 4293 tentriones
334 4240 395 4294 Ala.

215 4344 294 4388 Caesar
307 4346 324 4387 1.
340 4347 374 4389 ed.
389 4347 479 4390 Meusel.
1063 4332 1077 4382 Ῑ
