3134 4859
513 350 621 405 LIBER
637 350 687 405 ΠΙ.
707 350 783 405 ΟΑΡ.
804 351 918 405 26-29.
1207 340 1248 399 75

143 513 323 577 sceleriter
355 512 469 576 confici
505 532 596 596 posse
635 532 672 576 eo
707 516 885 577 exercitum
918 512 1025 592 duxit,
1065 515 1120 595 qui
1152 513 1248 597 longe

176 621 240 683 alia
272 620 394 683 ratione
425 639 461 682 ac
498 620 615 702 reliqui
649 619 733 683 Galli
764 620 886 684 bellum
922 639 1032 703 gerere
1064 627 1248 704 coeperunt.

175 747 252 790 nam
277 728 363 808 quod
386 726 616 809 intellegebant
642 728 800 790 maximas
827 728 987 807 nationes,
1016 745 1099 808 quae
1126 727 1276 809 proelior

176 832 430 914 contendissent,
467 833 575 917 pulses
613 838 839 917 superatasque
876 852 945 897 esse
983 835 1248 916 continentesque

175 941 273 1003 silvas
297 960 334 1003 ec
357 939 488 1023 paludes
513 940 684 1021 hebebant,
709 959 746 1005 eo
770 960 805 1004 se
828 960 951 1024 suaque
976 943 1084 1003 omnia
1107 941 1249 1004 contule-

129 1070 160 1112 ro
175 1053 259 1110 runt.
307 1047 347 1110 ad
371 1066 507 1131 querum
530 1048 658 1110 initium
682 1047 836 1111 silvarum
859 1067 934 1111 cum
957 1046 1072 1111 Caesar
1086 1050 1276 1131 pervenis-e

175 1160 224 1217 set
247 1159 413 1236 castraque
435 1154 562 1217 munire
577 1154 767 1217 instituisset
782 1173 888 1235 neque
903 1154 1004 1218 hostis
1015 1156 1144 1219 interim
1160 1156 1249 1218 visus

175 1266 271 1343 esset,
295 1260 447 1343 dispersis
470 1263 504 1323 iu
528 1280 621 1344 opere
645 1262 762 1345 nostris
786 1260 890 1324 subito
914 1280 956 1325 ex
980 1261 1130 1325 omnibus
1153 1263 1248 1344 parti-

175 1367 237 1430 bus
265 1367 365 1431 silvae
393 1367 601 1431 evolaverunt
634 1373 665 1431 et
697 1369 731 1430 iu
757 1374 884 1431 nostros
912 1368 1068 1451 impetum
1095 1370 1247 1432 fecerimt.

175 1476 278 1537 nostri
301 1475 447 1538 celeriter
470 1494 557 1537 erma
573 1480 727 1558 oeperunt
750 1494 868 1557 eosque
890 1477 926 1538 in
949 1476 1045 1539 silvas
1061 1476 1276 1560 repuleruntr

128 1604 158 1646 ιε
176 1587 208 1645 et
233 1582 450 1664 compluribus
473 1582 648 1646 interfectis
671 1581 799 1665 longius
822 1582 1076 1665 impeditioribus
1099 1583 1177 1646 locis
1200 1602 1248 1647 se-

129 1712 142 1753 1
176 1690 244 1751 euti
266 1707 385 1773 paucos
408 1708 448 1751 ex
473 1690 540 1752 suis
557 1688 816 1772 deperdideumt.
854 1688 1000 1771 Reliquis
1016 1689 1166 1773 deinceps
1182 1688 1248 1752 die·
1266 1703 1303 1758 ‘29

176 1794 238 1858 bus
262 1794 376 1859 Caesar
399 1796 495 1859 silvas
519 1796 652 1859 caedere
676 1795 828 1875 instituit,
851 1800 884 1859 et
906 1815 948 1859 ne
973 1796 1046 1877 quis
1069 1796 1248 1859 inermibus

175 1901 499 1986 imprudentibusque
521 1903 679 1967 militibus
703 1903 741 1966 ab
766 1903 863 1967 latere
886 1904 1025 1986 impetus
1047 1901 1119 1966 fieri
1134 1910 1248 1986 posset,

176 2028 304 2072 omnem
334 2027 402 2072 eam
431 2010 609 2092 materiam,
644 2030 725 2092 quae
753 2016 822 2074 orat
849 2030 953 2091 caesa,
988 2028 1176 2073 conversam
1208 2009 1248 2072 od

125 2138 142 2179 5
175 2116 301 2179 hostem
324 2116 509 2179 conlocabat
532 2123 563 2180 et
586 2136 643 2200 pro
667 2118 751 2180 vallo
767 2117 807 2180 ad
826 2122 998 2199 utrumque
1019 2117 1103 2179 latus
1120 2121 1248 2181 extrue-

174 2222 237 2285 bat.
277 2223 458 2287 incredibili
481 2222 643 2287 eeleritate
660 2244 775 2308 magno
792 2226 893 2308 spatio
917 2224 1027 2308 paucis
1044 2223 1158 2288 diebus
1174 2242 1248 2286 con·
1262 2246 1276 2288 2

173 2332 272 2411 fecto,
297 2348 370 2392 oum
385 2330 449 2393 iam
464 2350 562 2414 pecus
583 2337 678 2413 atque
695 2337 839 2413 extrema
853 2332 1081 2415 impedimenta
1097 2351 1116 2393 a
1131 2332 1248 2394 nostris

174 2441 375 2520 tenerentur,
400 2438 461 2520 ipsi
485 2437 647 2502 densiores
672 2438 767 2502 silvas
791 2443 949 2522 peterent,
973 2438 1150 2502 eiusmodi
1173 2445 1248 2501 sunt

174 2549 377 2627 tempestates
396 2550 596 2626 consecutae,
621 2546 669 2608 uti
685 2565 766 2629 opus
782 2547 960 2609 necessario
983 2547 1248 2610 intermitteretur

128 2672 157 2715 ιο
175 2656 207 2714 et
231 2652 470 2715 continuatione
494 2651 646 2715 imbrium
670 2652 791 2717 diutius
809 2653 868 2716 sub
885 2652 1023 2736 pellibus
1038 2654 1156 2717 milites
1171 2673 1248 2717 con·

174 2759 270 2820 tineri
295 2777 361 2820 non
384 2764 520 2841 possent.
566 2761 674 2841 itaque
698 2761 829 2823 vastetis
853 2760 1002 2823 omnibus
1019 2762 1274 2843 eorumagriS,a

175 2866 255 2928 vicis
280 2864 496 2946 aedificiisque
520 2866 661 2929 incensis
686 2864 801 2930 Caesar
819 2868 996 2930 exercitum
1018 2868 1149 2930 reduxit
1165 2872 1196 2930 et
1211 2868 1246 2929 in

175 2972 322 3061 Aulercis
345 2970 574 3055 herodisque,
597 2973 730 3056 reliquis
755 2975 832 3036 item
855 2973 1051 3054 civitatibus,
1076 2993 1158 3055 quae
1175 2993 1246 3057 pro-

174 3080 262 3141 xime
285 3078 404 3141 bellum
428 3080 582 3162 fecerant,
605 3081 638 3143 iu
662 3080 806 3143 bibernis
830 3080 1016 3143 conlocavit.

265 3312 281 3364 5
301 3311 394 3365 confici
417 3310 538 3364 celeriter
561 3330 594 3374 τις
619 3310 740 3364 celeriter
762 3328 815 3364 om.
836 3331 851 3380 ρ
883 3311 891 3378 ll
924 3310 1001 3363 duxit
1017 3317 1046 3376 β;
1070 3311 1182 3363 adduxit
1202 3331 1219 3361 α
1238 3310 1246 3381 {l

173 3400 301 3468 tigerere
321 3402 464 3468 coeperunt
477 3417 507 3465 u;
526 3414 604 3468 agere
622 3400 823 3466 institueruntp
854 3401 863 3465 ll
896 3400 992 3453 inam
1011 3406 1095 3465 onupt
1125 3398 1133 3470 ll
1164 3401 1246 3468 ilpe-

174 3488 261 3557 ludee]
281 3504 347 3557 quas
366 3488 428 3541 odd.
447 3477 504 3557 fill
537 3488 571 3541 10
590 3504 680 3542 caesar
699 3495 795 3555 comp
827 3495 836 3557 [1
869 3490 903 3542 14
921 3488 1016 3542 siluam
1036 3488 1070 3558 pf
1097 3489 1105 3557 ll
1138 3490 1172 3543 16
1191 3489 1246 3542 dis·

174 3577 345 3645 perdiderunt
363 3596 384 3629 π

263 3666 310 3721 29.
330 3668 354 3718 1.
375 3666 391 3718 2
410 3666 502 3720 diebus
521 3674 609 3733 ooafl
645 3666 654 3733 ll
691 3667 811 3733 iaSp3
836 3667 869 3721 ab
889 3687 906 3718 α
942 3668 950 3734 l!
986 3667 1047 3721 8.9
1072 3672 1247 3736 tempestates

172 3758 238 3808 sunt
255 3762 272 3821 β
308 3756 316 3823 ll
353 3755 419 3809 out
436 3762 454 3821 β
489 3756 497 3823 ll
535 3756 568 3808 12
588 3755 685 3808 Caesar
703 3762 792 3822 confi
829 3755 836 3826 ll
873 3757 979 3810 reduxit
996 3763 1025 3824 βς
1053 3758 1179 3824 perduxit
1198 3777 1215 3809 α
1239 3757 1246 3828 ll

176 3845 209 3897 13
227 3844 392 3912 lexobiisque
407 3864 423 3895 a
452 3842 459 3915 ll
488 3844 637 3898 ciuitatibus
656 3844 697 3912 “ft
716 3845 744 3897 in
762 3845 950 3912 ciuitatibusfl
978 3845 986 3916 ll
1016 3847 1057 3899 13.
1075 3848 1108 3898 14
1126 3846 1247 3914 proxime

171 3940 202 4000 fl,
222 3933 379 4002 maximtale
399 3953 416 3984 a

604 4134 818 4141 ———.
