3134 4859
340 305 407 367 218
742 318 848 373 BELLI
867 318 1010 374 CALLICI

339 482 412 545 aliis
435 500 504 546 esse
526 482 715 565 perfectum,
740 479 826 565 quod
850 500 915 545 uon
938 483 1054 546 horum
1073 482 1230 565 elegantia
1251 501 1412 545 commen-

308 590 493 653 rotariorum
517 595 694 673 superetur.
736 589 792 670 qui
816 593 891 651 sunt
914 588 1005 671 editi,
1030 607 1071 651 ne
1095 589 1228 653 scientia
1250 594 1411 653 tantarum

340 716 448 760 rerum
478 694 685 780 scriptoribus
714 696 850 777 deesset,
883 696 1027 778 adeoque
1060 696 1235 779 probantur
1267 698 1412 759 omnium
1428 719 1456 761 15

339 804 473 885 iudicio,
506 808 544 866 ut
570 808 748 886 praerepta,
777 823 843 867 non
872 801 1015 885 praebita
1041 802 1174 867 facultas
1202 804 1413 886 scriptoribus

306 933 326 974 0
340 909 494 973 videatur.
533 912 625 975 cuius
648 914 756 974 tamen
779 911 826 973 rei
845 910 948 973 maior
965 914 1074 973 nostra
1097 930 1192 993 quam
1213 911 1412 992 reliquorum

338 1022 389 1080 est
416 1017 597 1097 admiratio;
633 1019 731 1080 ceteri
758 1017 846 1081 enim
875 1036 969 1100 quam
1003 1016 1084 1081 bene
1112 1022 1207 1099 atque
1236 1017 1412 1099 emendate,

340 1144 399 1187 nos
422 1125 519 1187 etiam
544 1144 640 1205 quam
667 1123 759 1187 facile
788 1128 883 1207 atque
911 1125 1055 1189 celeriter
1083 1143 1137 1187 eos
1162 1126 1329 1207 perfecerit
1351 1126 1412 1188 sci-

312 1250 420 1295 amus.
460 1235 528 1294 erat
549 1236 656 1294 autem
679 1231 715 1293 iu
735 1229 866 1295 Caesare
890 1250 964 1295 cum
982 1231 1115 1295 facultas
1138 1236 1235 1313 atque
1254 1231 1455 1315 elegantiam

341 1358 467 1401 summa
489 1337 663 1419 scribendi,
687 1343 755 1401 tum
770 1339 937 1401 verissima
960 1339 1093 1403 scientia
1114 1357 1246 1401 suorum
1262 1339 1413 1402 consilio·

307 1465 415 1508 arum
442 1444 713 1528 explicandorum.
759 1444 839 1507 mihi
872 1463 911 1508 ne
939 1444 1019 1508 illud
1053 1445 1184 1525 quidem
1216 1444 1344 1527 accidit,
1378 1450 1414 1508 ut

344 1551 562 1614 Alexandrino
589 1556 684 1633 atque
708 1551 860 1614 Africano
884 1551 968 1614 bello
992 1552 1192 1632 interessem3
1223 1572 1304 1633 quae
1328 1552 1414 1615 bella

341 1678 538 1740 quamquam
566 1678 608 1723 ex
636 1664 724 1742 parto
754 1658 846 1722 nobis
876 1658 1018 1722 Caesaris
1047 1678 1193 1723 sermone
1224 1664 1300 1722 sunt
1328 1664 1413 1741 nota,

339 1770 447 1829 tamen
471 1766 563 1829 aliter
586 1766 733 1829 audimus
757 1784 807 1847 ea,
832 1784 914 1849 quae
937 1784 1045 1829 rerum
1068 1766 1209 1829 novitate
1232 1770 1289 1829 aut
1312 1765 1413 1829 admi·
1428 1784 1454 1826 25

340 1874 464 1937 ratione
491 1893 552 1937 nos
581 1874 722 1956 capiunt,
756 1873 859 1956 aliter,
894 1892 975 1954 quae
1003 1893 1060 1956 pro
1088 1874 1269 1936 testimonio
1301 1892 1414 1937 sumus

307 1980 466 2044 edicturi.
505 1980 561 2043 sed
577 1999 635 2063 ego
652 1981 818 2061 nimirum,
843 1980 921 2042 dum
942 1998 1052 2043 omnes
1068 1982 1284 2044 excusationis
1300 2000 1414 2043 causas

341 2086 470 2171 collige,
499 2107 539 2151 ne
563 2107 637 2150 oum
661 2085 793 2151 Caesare
817 2086 974 2170 conterar,
1003 2087 1063 2150 hoc
1089 2088 1157 2171 ipso
1182 2088 1303 2151 crimen
1326 2107 1415 2150 arro-

339 2195 466 2277 gantiae
483 2194 590 2276 subeo,
606 2195 692 2277 quod
707 2213 759 2256 me
775 2193 897 2256 iudicio
915 2194 1105 2275 cuiusquam
1121 2194 1304 2257 existimem
1319 2213 1414 2277 posse

341 2320 417 2363 cum
441 2299 573 2365 Caesare
597 2302 781 2384 comparari.
817 2301 897 2364 vale.
1428 2319 1455 2361 ao

300 2525 321 2575 1
433 2512 526 2576 Omni
553 2513 655 2577 Callia
678 2514 804 2577 devicta
828 2512 943 2578 Caesar
966 2534 1041 2577 cum
1064 2536 1083 2577 a
1106 2516 1270 2598 superiore
1294 2520 1442 2579 aestater

342 2619 468 2682 nullum
491 2619 631 2684 bellandi
655 2626 780 2704 tempus
804 2622 1026 2684 intermisisset
1053 2622 1234 2704 militesque
1262 2621 1415 2695 hiberno-

340 2746 414 2788 rum
443 2728 549 2809 quiete
577 2727 707 2791 reficere
736 2748 754 2789 a
782 2730 878 2791 tantis
906 2727 1067 2791 laboribus
1094 2728 1204 2811 vellet,
1232 2729 1414 2812 complures

341 2834 455 2896 eodem
483 2838 624 2918 tempore
652 2835 796 2898 civitates
824 2853 977 2897 renovare
1010 2835 1086 2898 belli
1119 2836 1250 2899 consilia
1284 2837 1415 2899 nuntia-

307 2941 459 3004 2bantur
491 2942 793 3023 coniurationesque
825 2942 936 3005 facere.
990 2943 1083 3005 cuius
1115 2944 1162 3005 rei
1194 2943 1263 3005 veri
1296 2942 1441 3007 similias

341 3067 438 3111 causa
466 3047 678 3130 adserebatur,
712 3050 799 3130 quod
828 3048 928 3111 Callis
957 3048 1105 3111 omnibus
1138 3050 1302 3132 cognitum
1330 3056 1415 3113 esset

341 3173 446 3235 neque
482 3154 546 3217 ulla
578 3156 783 3219 multitudine
818 3157 853 3217 in
887 3176 989 3219 uuum
1024 3156 1131 3219 locum
1164 3161 1272 3219 coacta
1307 3158 1414 3220 resisti

341 3280 433 3343 posse
451 3259 491 3345 [a]
508 3260 672 3345 Romanis,
697 3282 768 3345 neo,
793 3264 820 3324 si
844 3262 968 3325 diversa
990 3262 1074 3327 bella
1093 3263 1273 3347 complures
1298 3263 1414 3327 eodem

342 3372 483 3449 tempore
511 3368 695 3432 intulissent
722 3370 877 3452 0101110100,
906 3370 982 3433 00110
1010 3370 1123 3432 auxilii
1151 3374 1207 3432 aut
1233 3370 1330 3452 spatii
1358 3375 1414 3433 aut

342 3475 505 3557 copiarum
529 3475 714 3538 habiturum
737 3478 915 3540 exercitum
938 3477 1049 3560 populi
1071 3476 1208 3539 Romani
1237 3476 1275 3539 ad
1304 3478 1414 3541 omnia
1428 3495 1456 3537 ro

308 3603 328 3643 a
341 3583 574 3664 persequenda3
607 3601 674 3646 non
702 3602 770 3648 esse
799 3589 904 3647 autem
939 3584 1035 3647 alicui
1062 3584 1184 3647 civitati
1217 3588 1335 3647 sortem
1363 3586 1413 3647 10-

342 3688 500 3751 commodi
527 3690 752 3773 recusandam,
786 3692 812 3754 si
841 3691 897 3754 tali
924 3711 1014 3754 mora
1045 3690 1188 3772 reliquae
1219 3696 1351 3774 possent
1379 3711 1413 3755 se

432 3883 465 3935 15
484 3884 585 3951 rerum]
604 3885 739 3951 gestarum
757 3884 849 3952 cddfl
880 3886 889 3955 11
921 3885 990 3938 desit
1003 3904 1020 3936 a
1052 3884 1061 3953 11
1094 3885 1127 3939 19
1140 3884 1282 3953 perfecerit
1293 3884 1334 3952 X3
1353 3901 1413 3953 per-

339 3970 478 4038 scripserit
498 3972 570 4024 Suet.
584 3970 650 4024 156
685 3974 695 4037 ΙΙ
729 3973 763 4027 22
782 3973 877 4027 accidit
895 3973 1001 4042 quidem
1020 3992 1053 4041 ης
1078 3973 1183 4041 quidem
1205 3990 1294 4045 0000
1331 3974 1340 4041 ll
1378 3974 1411 4027 28

339 4060 431 4127 ipsum
450 4079 467 4111 a
499 4061 508 4129 11
540 4061 575 4115 30
593 4060 660 4115 Uale
680 4080 710 4129 o3
729 4070 819 4130 00001

431 4151 459 4203 1.
478 4148 495 4201 8
515 4166 530 4202 a
548 4151 598 4204 dal
618 4152 657 4205 ed.
676 4153 704 4220 13
723 4169 739 4205 a
759 4152 815 4223 (se)
840 4151 906 4205 Oua.
940 4154 948 4217 11
982 4153 1016 4207 10
1035 4153 1181 4207 exercitum
1200 4153 1291 4222 populi
1310 4152 1410 4208 romani

338 4255 373 4304 a3
393 4236 520 4305 populum
538 4247 707 4308 romanumfl
738 4243 746 4310 11
780 4244 821 4294 11.
838 4241 870 4293 12
883 4241 1042 4296 incommodi
1054 4241 1154 4310 AM²pi3
1173 4242 1379 4312 incommcd(a)e
1392 4261 1410 4293 a
