3134 4859
339 319 402 381 140
738 333 844 387 13an
863 332 1005 387 GALLlOI

338 496 515 560 Cheruscos
538 495 578 558 ab
602 493 780 560 Sueborum
804 495 991 577 Suebosque
1010 495 1048 559 ab
1067 495 1299 559 Cheruscormn
1321 496 1406 558 inin-

336 604 393 667 riis
420 603 721 685 incursionibusque
753 603 936 686 prohibere:
971 601 1011 665 ad
1044 602 1113 666 eius
1145 602 1244 665 silvae
1278 603 1405 664 initium

338 708 460 773 Suebos
484 710 659 773 adventum
682 708 899 773 Romanorum
924 714 1091 793 expectare
1115 710 1326 772 constituisse.
1420 731 1448 772 ao

283 826 316 878 11
426 815 586 892 Quoniam
609 816 650 879 ad
666 816 751 879 hunc
766 816 873 880 locum
895 820 1084 899 perventum
1100 821 1160 897 est,
1183 834 1249 878 nou
1266 814 1407 879 alienum
1421 840 1432 879 1

337 942 406 987 esse
438 924 566 987 videtur
597 922 636 987 de
671 923 791 986 Galliae
824 923 1076 1005 Germaniaeque
1108 922 1250 985 moribus
1283 927 1315 984 et
1343 941 1407 1005 quo

309 1030 484 1097 adifferant
516 1030 575 1093 bae
606 1030 750 1093 nationes
781 1032 865 1093 inter
897 1048 966 1093 sese
999 1048 1185 1113 proponere.
1236 1030 1271 1091 in
1305 1022 1409 1091 Gallia

337 1155 402 1199 non
425 1137 530 1200 solum
552 1138 587 1199 in
611 1136 760 1200 omnibus
783 1136 965 1201 civitatibus
982 1141 1077 1218 atque
1092 1137 1128 1199 in
1152 1135 1300 1199 omnibus
1317 1136 1409 1219 pagis

337 1243 557 1326 partibusque,
581 1242 638 1306 sed
657 1263 757 1326 paene
773 1245 870 1307 etiam
886 1246 920 1307 in
937 1244 1073 1326 singulis
1089 1242 1237 1306 domibus
1252 1243 1437 1306 factionesa

309 1356 424 1431 esunt,
457 1368 631 1432 earumque
662 1351 838 1414 factionum
866 1351 1025 1434 principes
1053 1357 1129 1414 sunt
1161 1352 1217 1433 qui
1249 1368 1408 1414 summam

337 1458 557 1521 auctoritatam
581 1476 690 1520 eorum
715 1458 837 1521 iudicio
860 1458 977 1521 habere
1001 1458 1240 1537 existimantur,
1268 1476 1408 1539 quorum

338 1563 378 1627 ad
402 1564 569 1627 arbitrium
591 1564 814 1647 iudiciumque
831 1585 956 1628 summa
972 1566 1115 1627 omnium
1133 1582 1242 1627 rerum
1258 1564 1409 1627 consilio·

309 1690 473 1753 urumque
495 1671 611 1734 redeat.
657 1671 756 1753 idque
779 1672 849 1735 eius
876 1673 923 1734 rei
947 1691 1043 1735 causa
1071 1671 1250 1753 antiquitus
1277 1672 1409 1734 institu-

337 1783 404 1841 tum
428 1776 569 1859 videtur,
593 1796 634 1840 ne
657 1779 730 1860 quis
752 1797 795 1841 ex
817 1778 909 1861 plebe
934 1784 1044 1843 contra
1059 1780 1269 1862 potentiorem
1293 1778 1410 1840 auxilii
1423 1796 1451 1839 1o
1554 1814 1555 1829 i

337 1891 456 1969 egeret;
481 1904 557 1948 suos
585 1886 671 1948 enim
699 1887 835 1967 quisque
863 1886 1001 1969 opprimi
1029 1891 1060 1949 et
1088 1885 1313 1948 circumveniri
1343 1904 1408 1947 non
1554 1870 1555 1877 ἵ

336 1993 469 2075 patitur,
497 2010 614 2073 neque,
646 1991 739 2055 aliter
765 1994 794 2055 si
821 1992 926 2074 faciat,
955 1992 1052 2055 ullam
1081 1994 1164 2054 inter
1191 2011 1266 2055 suos
1293 1990 1411 2055 babeat

309 2099 565 2164 sauctoritatem.
613 2098 691 2161 hacc
714 2099 825 2162 eadem
849 2099 931 2162 ratio
955 2104 1004 2163 est
1025 2100 1060 2161 in
1080 2118 1205 2162 summa
1219 2100 1316 2161 totius
1335 2098 1410 2161 Gal·

336 2206 413 2285 liae3
438 2224 577 2287 namque
601 2223 712 2269 omnes
735 2206 880 2269 civitates
904 2205 1025 2269 divisae
1050 2212 1125 2269 sunt
1146 2206 1180 2268 in
1198 2205 1277 2269 duas
1292 2210 1409 2288 partes.
1520 2254 1523 2261 .

283 2328 318 2381 12
338 2309 418 2374 Oum
442 2310 614 2375 Caesario
639 2311 776 2374 Galliam
799 2314 900 2393 venit,
923 2312 1053 2376 alterius
1075 2314 1223 2375 factionis
1246 2308 1436 2395 principissa

310 2407 428 2483 ierant
453 2417 595 2498 Haedui,
628 2418 759 2482 alterius
787 2418 937 2501 Sequani.
988 2420 1021 2485 hi
1049 2438 1123 2483 oum
1150 2439 1207 2504 per
1234 2438 1268 2482 se
1299 2420 1430 2503 minuas

337 2524 493 2605 valerent,
517 2524 603 2605 quod
627 2546 752 2589 summa
773 2528 944 2590 auotoritas
968 2528 1146 2609 antiquitus
1174 2533 1242 2590 erat
1264 2527 1298 2588 in
1321 2524 1409 2589 Hac-

337 2632 411 2694 duis
433 2651 632 2714 magnaeque
656 2651 767 2695 eorum
791 2639 881 2697 erant
903 2633 1082 2715 clientelae,
1111 2633 1286 2698 Germanos
1310 2638 1409 2714 atque

337 2739 537 2802 Ariovistum
559 2739 621 2802 sibi
644 2738 859 2803 adiunxerant
882 2759 1000 2822 eosque
1024 2739 1064 2803 ad
1087 2760 1121 2803 se
1135 2742 1261 2823 magnis
1275 2740 1437 2803 iacturiss

309 2845 685 2929 apollicitationibnsquo
709 2846 932 2929 perduxerant
952 2842 958 2877 '
977 2847 1108 2931 proeliis
1135 2866 1211 2911 vero
1236 2846 1409 2930 compluri-

337 2952 397 3016 bus
420 2954 511 3016 factis
534 2944 683 3016 secundis
706 2959 801 3036 atque
826 2936 923 3017 omni
937 2953 1102 3017 nobilitate
1124 2954 1333 3017 Haeduorum
1358 2954 1409 3016 in-

337 3059 468 3123 terfecta
490 3064 613 3123 tannim
636 3061 777 3143 potentia
800 3066 1044 3143 antecesserant,
1067 3067 1105 3124 ut
1119 3080 1269 3144 maguam
1283 3065 1409 3143 partem

310 3165 503 3230 solientium
527 3165 566 3228 ab
590 3165 734 3229 Haeduis
757 3166 798 3229 ad
822 3186 855 3231 se
879 3144 1079 3230 traducererit
1095 3167 1284 3250 obsidesque
1300 3165 1340 3229 ab
1358 3167 1409 3229 his

336 3272 522 3355 principum
544 3271 628 3336 filios
652 3275 833 3357 acciperent
848 3278 879 3338 et
893 3273 1022 3356 publice
1037 3276 1143 3338 iurare
1160 3280 1312 3358 cogerent
1325 3274 1408 3335 nibil
1423 3291 1450 3332 1o
1552 3314 1553 3337 1

338 3396 371 3439 se
402 3384 514 3441 contra
545 3379 710 3461 Sequanos
737 3380 864 3443 consilii
895 3381 1032 3443 inituros
1064 3387 1096 3445 et
1123 3386 1247 3463 partem
1277 3379 1409 3443 finitimi

337 3486 405 3567 agri
428 3504 485 3567 per
506 3486 572 3549 rim
589 3492 775 3570 occupatam
790 3486 990 3570 possiderent
1006 3486 1190 3569 Galliaeque
1207 3488 1304 3550 totius
1321 3489 1409 3579 prin·

428 3715 461 3769 18
480 3723 530 3782 ap
561 3717 569 3784 ll
602 3716 749 3770 Sueborum
773 3716 878 3784 Oinoa.;
898 3717 987 3771 suebis
1006 3717 1106 3785 (suauis
1125 3717 1176 3783 ab)
1195 3717 1225 3771 X
1254 3719 1262 3786 ll
1294 3733 1408 3771 sueuos-

337 3812 423 3872 quest
455 3807 463 3872 ll
497 3804 690 3859 Chenrsoorum
713 3805 818 3873 Oiacc.;
838 3806 1016 3859 cheruscisX
1046 3807 1054 3874 ll
1088 3807 1120 3860 19
1134 3806 1191 3859 eius
1204 3806 1308 3860 initium
1322 3805 1410 3860 siluae

338 3913 354 3944 a
387 3894 395 3961 ll
428 3894 462 3948 20
481 3881 613 3960 sueuosp

398 4034 401 4038 ,
426 3985 471 4037 11.
492 3985 508 4036 5
527 3983 700 4051 partibusque
717 3984 768 4037 del.
788 3984 885 4037 Dacis.
919 3987 927 4054 il
959 3985 986 4037 in
1006 4002 1058 4039 oon.
1079 4004 1097 4036 u
1129 3984 1138 4052 ΙΙ
1171 3986 1262 4039 dsunt
1275 3984 1409 4053 principes

337 4072 374 4125 ab
405 4074 414 4140 ll
446 4072 560 4140 9idque
579 4072 752 4141 ss31mqueca
784 4075 793 4143 ll
827 4073 860 4125 12
878 4073 1006 4141 faciantfl
1037 4076 1046 4138 ll
1077 4073 1175 4127 habeat
1194 4073 1307 4141 wacta
1326 4072 1410 4127 habet

336 4161 366 4214 X
396 4163 404 4229 i!
438 4163 471 4229 14
489 4161 518 4213 in
536 4164 625 4229 partes
643 4162 743 4215 diuisae
763 4166 827 4216 sunt
845 4162 910 4215 duas
930 4182 947 4214 a

426 4251 471 4305 12.
491 4251 509 4302 4
527 4253 602 4304 erant
621 4268 673 4304 om.
692 4259 709 4318 β
742 4251 750 4319 ll
784 4251 818 4304 12
837 4254 992 4319 occupatam
1012 4252 1055 4320 “ft
1075 4254 1234 4321 occupatum
1251 4259 1268 4319 β
